%YAML 1.1
%TAG !u! tag:unity3d.com,2011:
--- !u!1 &81466290172954055
GameObject:
  m_ObjectHideFlags: 0
  m_CorrespondingSourceObject: {fileID: 0}
  m_PrefabInstance: {fileID: 0}
  m_PrefabAsset: {fileID: 0}
  serializedVersion: 6
  m_Component:
  - component: {fileID: 2835820897563930057}
  - component: {fileID: 6282261385506613230}
  - component: {fileID: 904588205934250323}
  m_Layer: 0
  m_Name: WallLeftOuterSoft (1)
  m_TagString: Wall
  m_Icon: {fileID: 0}
  m_NavMeshLayer: 0
  m_StaticEditorFlags: 0
  m_IsActive: 1
--- !u!4 &2835820897563930057
Transform:
  m_ObjectHideFlags: 0
  m_CorrespondingSourceObject: {fileID: 0}
  m_PrefabInstance: {fileID: 0}
  m_PrefabAsset: {fileID: 0}
  m_GameObject: {fileID: 81466290172954055}
  m_LocalRotation: {x: -0, y: -0, z: -0, w: 1}
  m_LocalPosition: {x: -6.4000006, y: 30.3, z: 119.837715}
  m_LocalScale: {x: 9.5, y: 8, z: 10}
  m_Children: []
  m_Father: {fileID: 2586099104363641855}
  m_RootOrder: 0
  m_LocalEulerAnglesHint: {x: 0, y: 0, z: 0}
--- !u!68 &6282261385506613230
EdgeCollider2D:
  m_ObjectHideFlags: 0
  m_CorrespondingSourceObject: {fileID: 0}
  m_PrefabInstance: {fileID: 0}
  m_PrefabAsset: {fileID: 0}
  m_GameObject: {fileID: 81466290172954055}
  m_Enabled: 1
  m_Density: 1
  m_Material: {fileID: 0}
  m_IsTrigger: 0
  m_UsedByEffector: 0
  m_UsedByComposite: 0
  m_Offset: {x: 0, y: 0}
  m_EdgeRadius: 0
  m_Points:
  - {x: -1.6562834, y: 5.064137}
  - {x: -1.7114803, y: -5.1293297}
--- !u!114 &904588205934250323
MonoBehaviour:
  m_ObjectHideFlags: 0
  m_CorrespondingSourceObject: {fileID: 0}
  m_PrefabInstance: {fileID: 0}
  m_PrefabAsset: {fileID: 0}
  m_GameObject: {fileID: 81466290172954055}
  m_Enabled: 1
  m_EditorHideFlags: 0
  m_Script: {fileID: 11500000, guid: 52fcc5a9793404c3da631c2391e5cb67, type: 3}
  m_Name: 
  m_EditorClassIdentifier: 
  hardCollider: 0
  levelExit: 0
--- !u!1 &768448574039732962
GameObject:
  m_ObjectHideFlags: 0
  m_CorrespondingSourceObject: {fileID: 0}
  m_PrefabInstance: {fileID: 0}
  m_PrefabAsset: {fileID: 0}
  serializedVersion: 6
  m_Component:
  - component: {fileID: 5289190532093566039}
  - component: {fileID: 193305325297033831}
  m_Layer: 0
  m_Name: TrackGuideP1
  m_TagString: TrackGuideP1
  m_Icon: {fileID: 0}
  m_NavMeshLayer: 0
  m_StaticEditorFlags: 0
  m_IsActive: 1
--- !u!4 &5289190532093566039
Transform:
  m_ObjectHideFlags: 0
  m_CorrespondingSourceObject: {fileID: 0}
  m_PrefabInstance: {fileID: 0}
  m_PrefabAsset: {fileID: 0}
  m_GameObject: {fileID: 768448574039732962}
  m_LocalRotation: {x: 0, y: 0, z: 0, w: 1}
  m_LocalPosition: {x: 4.9, y: 0, z: 0}
  m_LocalScale: {x: 1, y: 1, z: 1}
  m_Children: []
  m_Father: {fileID: 3452457410598541549}
  m_RootOrder: 4
  m_LocalEulerAnglesHint: {x: 0, y: 0, z: 0}
--- !u!68 &193305325297033831
EdgeCollider2D:
  m_ObjectHideFlags: 0
  m_CorrespondingSourceObject: {fileID: 0}
  m_PrefabInstance: {fileID: 0}
  m_PrefabAsset: {fileID: 0}
  m_GameObject: {fileID: 768448574039732962}
  m_Enabled: 1
  m_Density: 1
  m_Material: {fileID: 0}
  m_IsTrigger: 1
  m_UsedByEffector: 0
  m_UsedByComposite: 0
  m_Offset: {x: 0, y: 0}
  m_EdgeRadius: 0
  m_Points:
  - {x: -11.505329, y: -7.9501605}
  - {x: -11.029029, y: 70.90034}
--- !u!1 &1434332605675467955
GameObject:
  m_ObjectHideFlags: 0
  m_CorrespondingSourceObject: {fileID: 0}
  m_PrefabInstance: {fileID: 0}
  m_PrefabAsset: {fileID: 0}
  serializedVersion: 6
  m_Component:
  - component: {fileID: 2203968215326606378}
  m_Layer: 0
  m_Name: Coins
  m_TagString: Untagged
  m_Icon: {fileID: 0}
  m_NavMeshLayer: 0
  m_StaticEditorFlags: 0
  m_IsActive: 1
--- !u!4 &2203968215326606378
Transform:
  m_ObjectHideFlags: 0
  m_CorrespondingSourceObject: {fileID: 0}
  m_PrefabInstance: {fileID: 0}
  m_PrefabAsset: {fileID: 0}
  m_GameObject: {fileID: 1434332605675467955}
  m_LocalRotation: {x: 0, y: 0, z: 0, w: 1}
  m_LocalPosition: {x: 0, y: 0, z: 0}
  m_LocalScale: {x: 1, y: 1, z: 1}
  m_Children:
  - {fileID: 3017450401339902664}
  - {fileID: 4317766307843657504}
  - {fileID: 6822082660033210660}
  - {fileID: 4245098151880789090}
  - {fileID: 4129065737167719371}
  - {fileID: 5877328016248812888}
  - {fileID: 7250116134529786207}
  m_Father: {fileID: 669816047856257462}
  m_RootOrder: 5
  m_LocalEulerAnglesHint: {x: 0, y: 0, z: 0}
--- !u!1 &1958562936849303732
GameObject:
  m_ObjectHideFlags: 0
  m_CorrespondingSourceObject: {fileID: 0}
  m_PrefabInstance: {fileID: 0}
  m_PrefabAsset: {fileID: 0}
  serializedVersion: 6
  m_Component:
  - component: {fileID: 3452457410598541549}
  m_Layer: 0
  m_Name: Colliders
  m_TagString: Untagged
  m_Icon: {fileID: 0}
  m_NavMeshLayer: 0
  m_StaticEditorFlags: 0
  m_IsActive: 1
--- !u!4 &3452457410598541549
Transform:
  m_ObjectHideFlags: 0
  m_CorrespondingSourceObject: {fileID: 0}
  m_PrefabInstance: {fileID: 0}
  m_PrefabAsset: {fileID: 0}
  m_GameObject: {fileID: 1958562936849303732}
  m_LocalRotation: {x: -0, y: -0, z: -0, w: 1}
  m_LocalPosition: {x: 0.6519918, y: -3.0104687, z: -11.983771}
  m_LocalScale: {x: 0.1, y: 0.1, z: 0.1}
  m_Children:
  - {fileID: 5791042155239242458}
  - {fileID: 810790431467148777}
  - {fileID: 8037172755846320146}
  - {fileID: 5597149763012419040}
  - {fileID: 5289190532093566039}
  m_Father: {fileID: 669816047856257462}
  m_RootOrder: 6
  m_LocalEulerAnglesHint: {x: 0, y: 0, z: 0}
--- !u!1 &2530403438181489392
GameObject:
  m_ObjectHideFlags: 0
  m_CorrespondingSourceObject: {fileID: 0}
  m_PrefabInstance: {fileID: 0}
  m_PrefabAsset: {fileID: 0}
  serializedVersion: 6
  m_Component:
  - component: {fileID: 8043792401777479724}
  - component: {fileID: 2259196298339427729}
  m_Layer: 0
  m_Name: DNASprite (3)
  m_TagString: Untagged
  m_Icon: {fileID: 0}
  m_NavMeshLayer: 0
  m_StaticEditorFlags: 0
  m_IsActive: 1
--- !u!4 &8043792401777479724
Transform:
  m_ObjectHideFlags: 0
  m_CorrespondingSourceObject: {fileID: 0}
  m_PrefabInstance: {fileID: 0}
  m_PrefabAsset: {fileID: 0}
  m_GameObject: {fileID: 2530403438181489392}
  m_LocalRotation: {x: 0, y: 0, z: 0, w: 1}
  m_LocalPosition: {x: 0, y: 0, z: 0}
  m_LocalScale: {x: 0.5, y: 0.5, z: 1}
  m_Children: []
  m_Father: {fileID: 669816047856257462}
  m_RootOrder: 0
  m_LocalEulerAnglesHint: {x: 0, y: 0, z: 0}
--- !u!212 &2259196298339427729
SpriteRenderer:
  m_ObjectHideFlags: 0
  m_CorrespondingSourceObject: {fileID: 0}
  m_PrefabInstance: {fileID: 0}
  m_PrefabAsset: {fileID: 0}
  m_GameObject: {fileID: 2530403438181489392}
  m_Enabled: 1
  m_CastShadows: 0
  m_ReceiveShadows: 0
  m_DynamicOccludee: 1
  m_MotionVectors: 1
  m_LightProbeUsage: 1
  m_ReflectionProbeUsage: 1
  m_RayTracingMode: 0
  m_RenderingLayerMask: 1
  m_RendererPriority: 0
  m_Materials:
  - {fileID: 10754, guid: 0000000000000000f000000000000000, type: 0}
  m_StaticBatchInfo:
    firstSubMesh: 0
    subMeshCount: 0
  m_StaticBatchRoot: {fileID: 0}
  m_ProbeAnchor: {fileID: 0}
  m_LightProbeVolumeOverride: {fileID: 0}
  m_ScaleInLightmap: 1
  m_ReceiveGI: 1
  m_PreserveUVs: 0
  m_IgnoreNormalsForChartDetection: 0
  m_ImportantGI: 0
  m_StitchLightmapSeams: 1
  m_SelectedEditorRenderState: 0
  m_MinimumChartSize: 4
  m_AutoUVMaxDistance: 0.5
  m_AutoUVMaxAngle: 89
  m_LightmapParameters: {fileID: 0}
  m_SortingLayerID: 0
  m_SortingLayer: 0
  m_SortingOrder: -10
  m_Sprite: {fileID: 21300000, guid: a6c9a47edc64142eeb53dedc45b7d680, type: 3}
  m_Color: {r: 1, g: 1, b: 1, a: 1}
  m_FlipX: 0
  m_FlipY: 0
  m_DrawMode: 0
  m_Size: {x: 5.12, y: 5.12}
  m_AdaptiveModeThreshold: 0.5
  m_SpriteTileMode: 0
  m_WasSpriteAssigned: 1
  m_MaskInteraction: 0
  m_SpriteSortPoint: 0
--- !u!1 &2606479126577390325
GameObject:
  m_ObjectHideFlags: 0
  m_CorrespondingSourceObject: {fileID: 0}
  m_PrefabInstance: {fileID: 0}
  m_PrefabAsset: {fileID: 0}
  serializedVersion: 6
  m_Component:
  - component: {fileID: 1707544197838804233}
  - component: {fileID: 7100215640788046895}
  m_Layer: 11
  m_Name: VirusGuideWall (1)
  m_TagString: TrackGuideP1
  m_Icon: {fileID: 0}
  m_NavMeshLayer: 0
  m_StaticEditorFlags: 0
  m_IsActive: 1
--- !u!4 &1707544197838804233
Transform:
  m_ObjectHideFlags: 0
  m_CorrespondingSourceObject: {fileID: 0}
  m_PrefabInstance: {fileID: 0}
  m_PrefabAsset: {fileID: 0}
  m_GameObject: {fileID: 2606479126577390325}
  m_LocalRotation: {x: -0, y: -0, z: -0, w: 1}
  m_LocalPosition: {x: -24.16742, y: -42.209896, z: -119.837715}
  m_LocalScale: {x: 1, y: 1, z: 1}
  m_Children: []
  m_Father: {fileID: 906097257629325958}
  m_RootOrder: 0
  m_LocalEulerAnglesHint: {x: 0, y: 0, z: 0}
--- !u!68 &7100215640788046895
EdgeCollider2D:
  m_ObjectHideFlags: 0
  m_CorrespondingSourceObject: {fileID: 0}
  m_PrefabInstance: {fileID: 0}
  m_PrefabAsset: {fileID: 0}
  m_GameObject: {fileID: 2606479126577390325}
  m_Enabled: 1
  m_Density: 1
  m_Material: {fileID: 0}
  m_IsTrigger: 0
  m_UsedByEffector: 0
  m_UsedByComposite: 0
  m_Offset: {x: 0, y: 0}
  m_EdgeRadius: 0
  m_Points:
  - {x: -11.505329, y: -7.9501605}
  - {x: -11.029029, y: 70.90034}
--- !u!1 &3296119258703584352
GameObject:
  m_ObjectHideFlags: 0
  m_CorrespondingSourceObject: {fileID: 0}
  m_PrefabInstance: {fileID: 0}
  m_PrefabAsset: {fileID: 0}
  serializedVersion: 6
  m_Component:
  - component: {fileID: 5597149763012419040}
  - component: {fileID: 3440344034497461728}
  - component: {fileID: 6071596375101409417}
  m_Layer: 0
  m_Name: ColliderRIghtOuterSoft
  m_TagString: SofaDNACollider
  m_Icon: {fileID: 0}
  m_NavMeshLayer: 0
  m_StaticEditorFlags: 0
  m_IsActive: 1
--- !u!4 &5597149763012419040
Transform:
  m_ObjectHideFlags: 0
  m_CorrespondingSourceObject: {fileID: 0}
  m_PrefabInstance: {fileID: 0}
  m_PrefabAsset: {fileID: 0}
  m_GameObject: {fileID: 3296119258703584352}
  m_LocalRotation: {x: -0, y: -0, z: -0, w: 1}
  m_LocalPosition: {x: -6.7, y: 30.3, z: 119.837715}
  m_LocalScale: {x: -9.5, y: 8, z: 10}
  m_Children: []
  m_Father: {fileID: 3452457410598541549}
  m_RootOrder: 3
  m_LocalEulerAnglesHint: {x: 0, y: 0, z: 0}
--- !u!68 &3440344034497461728
EdgeCollider2D:
  m_ObjectHideFlags: 0
  m_CorrespondingSourceObject: {fileID: 0}
  m_PrefabInstance: {fileID: 0}
  m_PrefabAsset: {fileID: 0}
  m_GameObject: {fileID: 3296119258703584352}
  m_Enabled: 1
  m_Density: 1
  m_Material: {fileID: 0}
  m_IsTrigger: 1
  m_UsedByEffector: 0
  m_UsedByComposite: 0
  m_Offset: {x: 0, y: 0}
  m_EdgeRadius: 0
  m_Points:
  - {x: -1.9941237, y: -3.9338937}
  - {x: -1.9527951, y: -4.441582}
  - {x: -1.7365837, y: -4.8584948}
  - {x: -1.7365837, y: -4.7965956}
  - {x: -1.7490752, y: -4.313361}
  - {x: -1.7198063, y: -3.9288805}
  - {x: -1.6547518, y: -3.3986945}
  - {x: -1.4247038, y: -2.820984}
  - {x: -1.1744914, y: -2.5053627}
  - {x: -0.6676955, y: -2.0412364}
  - {x: -1.1115301, y: -1.670536}
  - {x: -1.473451, y: -1.2113242}
  - {x: -1.6228677, y: -0.8963051}
  - {x: -1.7578268, y: -0.38516402}
  - {x: -1.789839, y: -0.010730743}
  - {x: -1.7523158, y: 0.42779732}
  - {x: -1.6477349, y: 0.818202}
  - {x: -1.465767, y: 1.1970539}
  - {x: -1.1417806, y: 1.6220613}
  - {x: -0.67147243, y: 2.0452175}
  - {x: -1.1656164, y: 2.50839}
  - {x: -1.3605348, y: 2.750061}
  - {x: -1.491563, y: 2.958313}
  - {x: -1.7063526, y: 3.443318}
  - {x: -1.7501827, y: 4.1104946}
  - {x: -1.7316033, y: 4.885153}
--- !u!114 &6071596375101409417
MonoBehaviour:
  m_ObjectHideFlags: 0
  m_CorrespondingSourceObject: {fileID: 0}
  m_PrefabInstance: {fileID: 0}
  m_PrefabAsset: {fileID: 0}
  m_GameObject: {fileID: 3296119258703584352}
  m_Enabled: 1
  m_EditorHideFlags: 0
  m_Script: {fileID: 11500000, guid: 52fcc5a9793404c3da631c2391e5cb67, type: 3}
  m_Name: 
  m_EditorClassIdentifier: 
  hardCollider: 0
  levelExit: 0
--- !u!1 &3647457932987709837
GameObject:
  m_ObjectHideFlags: 0
  m_CorrespondingSourceObject: {fileID: 0}
  m_PrefabInstance: {fileID: 0}
  m_PrefabAsset: {fileID: 0}
  serializedVersion: 6
  m_Component:
  - component: {fileID: 8037172755846320146}
  - component: {fileID: 2776926991639462127}
  - component: {fileID: 8522338349185177865}
  m_Layer: 0
  m_Name: ColliderRightOuterHard
  m_TagString: HardDNACollider
  m_Icon: {fileID: 0}
  m_NavMeshLayer: 0
  m_StaticEditorFlags: 0
  m_IsActive: 1
--- !u!4 &8037172755846320146
Transform:
  m_ObjectHideFlags: 0
  m_CorrespondingSourceObject: {fileID: 0}
  m_PrefabInstance: {fileID: 0}
  m_PrefabAsset: {fileID: 0}
  m_GameObject: {fileID: 3647457932987709837}
  m_LocalRotation: {x: -0, y: -0, z: -0, w: 1}
  m_LocalPosition: {x: -4.2, y: 30.104687, z: 119.837715}
  m_LocalScale: {x: -9.5, y: 8, z: 10}
  m_Children: []
  m_Father: {fileID: 3452457410598541549}
  m_RootOrder: 2
  m_LocalEulerAnglesHint: {x: 0, y: 0, z: 0}
--- !u!68 &2776926991639462127
EdgeCollider2D:
  m_ObjectHideFlags: 0
  m_CorrespondingSourceObject: {fileID: 0}
  m_PrefabInstance: {fileID: 0}
  m_PrefabAsset: {fileID: 0}
  m_GameObject: {fileID: 3647457932987709837}
  m_Enabled: 1
  m_Density: 1
  m_Material: {fileID: 0}
  m_IsTrigger: 1
  m_UsedByEffector: 0
  m_UsedByComposite: 0
  m_Offset: {x: 0, y: 0}
  m_EdgeRadius: 0
  m_Points:
  - {x: -1.9941237, y: -3.9338937}
  - {x: -1.9527951, y: -4.441582}
  - {x: -1.7365837, y: -4.7965956}
  - {x: -1.7490752, y: -4.313361}
  - {x: -1.7418429, y: -3.8546007}
  - {x: -1.6547518, y: -3.3986945}
  - {x: -1.6895583, y: -2.8579855}
  - {x: -1.6981775, y: -2.591916}
  - {x: -1.7041979, y: -2.050062}
  - {x: -1.7338334, y: -1.5806031}
  - {x: -1.6875457, y: -1.1957552}
  - {x: -1.7934427, y: -0.6602502}
  - {x: -1.8562683, y: -0.31077388}
  - {x: -1.8690319, y: 0.093759544}
  - {x: -1.8051853, y: 0.47916457}
  - {x: -1.7667063, y: 0.7906484}
  - {x: -1.7537215, y: 1.2326188}
  - {x: -1.7631409, y: 1.6377363}
  - {x: -1.7608638, y: 2.0894532}
  - {x: -1.6800013, y: 2.6131668}
  - {x: -1.681907, y: 2.8863568}
  - {x: -1.7457417, y: 3.325298}
  - {x: -1.7872689, y: 3.8895679}
  - {x: -1.7949486, y: 4.839326}
--- !u!114 &8522338349185177865
MonoBehaviour:
  m_ObjectHideFlags: 0
  m_CorrespondingSourceObject: {fileID: 0}
  m_PrefabInstance: {fileID: 0}
  m_PrefabAsset: {fileID: 0}
  m_GameObject: {fileID: 3647457932987709837}
  m_Enabled: 1
  m_EditorHideFlags: 0
  m_Script: {fileID: 11500000, guid: 52fcc5a9793404c3da631c2391e5cb67, type: 3}
  m_Name: 
  m_EditorClassIdentifier: 
  hardCollider: 1
  levelExit: 0
--- !u!1 &3862407249257210699
GameObject:
  m_ObjectHideFlags: 0
  m_CorrespondingSourceObject: {fileID: 0}
  m_PrefabInstance: {fileID: 0}
  m_PrefabAsset: {fileID: 0}
  serializedVersion: 6
  m_Component:
  - component: {fileID: 5791042155239242458}
  - component: {fileID: 833223733190855248}
  - component: {fileID: 2627762123363585988}
  m_Layer: 0
  m_Name: ColliderLeftOuterHard
  m_TagString: HardDNACollider
  m_Icon: {fileID: 0}
  m_NavMeshLayer: 0
  m_StaticEditorFlags: 0
  m_IsActive: 1
--- !u!4 &5791042155239242458
Transform:
  m_ObjectHideFlags: 0
  m_CorrespondingSourceObject: {fileID: 0}
  m_PrefabInstance: {fileID: 0}
  m_PrefabAsset: {fileID: 0}
  m_GameObject: {fileID: 3862407249257210699}
  m_LocalRotation: {x: -0, y: -0, z: -0, w: 1}
  m_LocalPosition: {x: -9.2, y: 30.104687, z: 119.837715}
  m_LocalScale: {x: 9.5, y: 8, z: 10}
  m_Children: []
  m_Father: {fileID: 3452457410598541549}
  m_RootOrder: 0
  m_LocalEulerAnglesHint: {x: 0, y: 0, z: 0}
--- !u!68 &833223733190855248
EdgeCollider2D:
  m_ObjectHideFlags: 0
  m_CorrespondingSourceObject: {fileID: 0}
  m_PrefabInstance: {fileID: 0}
  m_PrefabAsset: {fileID: 0}
  m_GameObject: {fileID: 3862407249257210699}
  m_Enabled: 1
  m_Density: 1
  m_Material: {fileID: 0}
  m_IsTrigger: 1
  m_UsedByEffector: 0
  m_UsedByComposite: 0
  m_Offset: {x: 0, y: 0}
  m_EdgeRadius: 0
  m_Points:
  - {x: -1.9941237, y: -3.9338937}
  - {x: -1.9527951, y: -4.441582}
  - {x: -1.7365837, y: -4.7965956}
  - {x: -1.7490752, y: -4.313361}
  - {x: -1.7418429, y: -3.8546007}
  - {x: -1.6547518, y: -3.3986945}
  - {x: -1.4247038, y: -2.820984}
  - {x: -1.6691971, y: -2.46241}
  - {x: -1.7951133, y: -2.01974}
  - {x: -1.7679077, y: -1.6167698}
  - {x: -1.466304, y: -1.3008447}
  - {x: -1.7934427, y: -0.6602502}
  - {x: -1.8562683, y: -0.31077388}
  - {x: -1.8690319, y: 0.093759544}
  - {x: -1.8051853, y: 0.47916457}
  - {x: -1.7667063, y: 0.7906484}
  - {x: -1.5256664, y: 1.2326188}
  - {x: -1.784916, y: 1.6812239}
  - {x: -1.8479521, y: 2.0718727}
  - {x: -1.7384944, y: 2.6098065}
  - {x: -1.5240668, y: 2.8595803}
  - {x: -1.7457417, y: 3.325298}
  - {x: -1.7872689, y: 3.8895679}
  - {x: -1.7949486, y: 4.839326}
--- !u!114 &2627762123363585988
MonoBehaviour:
  m_ObjectHideFlags: 0
  m_CorrespondingSourceObject: {fileID: 0}
  m_PrefabInstance: {fileID: 0}
  m_PrefabAsset: {fileID: 0}
  m_GameObject: {fileID: 3862407249257210699}
  m_Enabled: 1
  m_EditorHideFlags: 0
  m_Script: {fileID: 11500000, guid: 52fcc5a9793404c3da631c2391e5cb67, type: 3}
  m_Name: 
  m_EditorClassIdentifier: 
  hardCollider: 1
  levelExit: 0
--- !u!1 &4200092179597112337
GameObject:
  m_ObjectHideFlags: 0
  m_CorrespondingSourceObject: {fileID: 0}
  m_PrefabInstance: {fileID: 0}
  m_PrefabAsset: {fileID: 0}
  serializedVersion: 6
  m_Component:
  - component: {fileID: 2204969293450451880}
  - component: {fileID: 2884293161361559332}
  - component: {fileID: 5031405916680355862}
  m_Layer: 0
  m_Name: ScoreGate
  m_TagString: Untagged
  m_Icon: {fileID: 0}
  m_NavMeshLayer: 0
  m_StaticEditorFlags: 0
  m_IsActive: 1
--- !u!4 &2204969293450451880
Transform:
  m_ObjectHideFlags: 0
  m_CorrespondingSourceObject: {fileID: 0}
  m_PrefabInstance: {fileID: 0}
  m_PrefabAsset: {fileID: 0}
  m_GameObject: {fileID: 4200092179597112337}
  m_LocalRotation: {x: -0, y: -0, z: -0, w: 1}
  m_LocalPosition: {x: 0, y: -2.03, z: 0}
  m_LocalScale: {x: 0.1, y: 0.1, z: 0.1}
  m_Children:
  - {fileID: 8005899787217991192}
  - {fileID: 8929777589112604478}
  m_Father: {fileID: 669816047856257462}
  m_RootOrder: 3
  m_LocalEulerAnglesHint: {x: 0, y: 0, z: 0}
--- !u!68 &2884293161361559332
EdgeCollider2D:
  m_ObjectHideFlags: 0
  m_CorrespondingSourceObject: {fileID: 0}
  m_PrefabInstance: {fileID: 0}
  m_PrefabAsset: {fileID: 0}
  m_GameObject: {fileID: 4200092179597112337}
  m_Enabled: 1
  m_Density: 1
  m_Material: {fileID: 0}
  m_IsTrigger: 1
  m_UsedByEffector: 0
  m_UsedByComposite: 0
  m_Offset: {x: 0, y: 0}
  m_EdgeRadius: 0
  m_Points:
  - {x: -20.604881, y: -18.207302}
  - {x: 20.905132, y: -17.718163}
--- !u!114 &5031405916680355862
MonoBehaviour:
  m_ObjectHideFlags: 0
  m_CorrespondingSourceObject: {fileID: 0}
  m_PrefabInstance: {fileID: 0}
  m_PrefabAsset: {fileID: 0}
  m_GameObject: {fileID: 4200092179597112337}
  m_Enabled: 1
  m_EditorHideFlags: 0
  m_Script: {fileID: 11500000, guid: ef434e0344cb54c0d802934335a2825c, type: 3}
  m_Name: 
  m_EditorClassIdentifier: 
--- !u!1 &4264371511403030667
GameObject:
  m_ObjectHideFlags: 0
  m_CorrespondingSourceObject: {fileID: 0}
  m_PrefabInstance: {fileID: 0}
  m_PrefabAsset: {fileID: 0}
  serializedVersion: 6
  m_Component:
  - component: {fileID: 5991557277549977769}
  - component: {fileID: 2313221647838576429}
  m_Layer: 0
  m_Name: background
  m_TagString: Untagged
  m_Icon: {fileID: 0}
  m_NavMeshLayer: 0
  m_StaticEditorFlags: 0
  m_IsActive: 1
--- !u!4 &5991557277549977769
Transform:
  m_ObjectHideFlags: 0
  m_CorrespondingSourceObject: {fileID: 0}
  m_PrefabInstance: {fileID: 0}
  m_PrefabAsset: {fileID: 0}
  m_GameObject: {fileID: 4264371511403030667}
  m_LocalRotation: {x: 0, y: 0, z: 0, w: 1}
  m_LocalPosition: {x: 0, y: 0, z: 0}
  m_LocalScale: {x: 1, y: 1, z: 1}
  m_Children: []
  m_Father: {fileID: 669816047856257462}
  m_RootOrder: 4
  m_LocalEulerAnglesHint: {x: 0, y: 0, z: 0}
--- !u!212 &2313221647838576429
SpriteRenderer:
  m_ObjectHideFlags: 0
  m_CorrespondingSourceObject: {fileID: 0}
  m_PrefabInstance: {fileID: 0}
  m_PrefabAsset: {fileID: 0}
  m_GameObject: {fileID: 4264371511403030667}
  m_Enabled: 1
  m_CastShadows: 0
  m_ReceiveShadows: 0
  m_DynamicOccludee: 1
  m_MotionVectors: 1
  m_LightProbeUsage: 1
  m_ReflectionProbeUsage: 1
  m_RayTracingMode: 0
  m_RenderingLayerMask: 1
  m_RendererPriority: 0
  m_Materials:
  - {fileID: 10754, guid: 0000000000000000f000000000000000, type: 0}
  m_StaticBatchInfo:
    firstSubMesh: 0
    subMeshCount: 0
  m_StaticBatchRoot: {fileID: 0}
  m_ProbeAnchor: {fileID: 0}
  m_LightProbeVolumeOverride: {fileID: 0}
  m_ScaleInLightmap: 1
  m_ReceiveGI: 1
  m_PreserveUVs: 0
  m_IgnoreNormalsForChartDetection: 0
  m_ImportantGI: 0
  m_StitchLightmapSeams: 1
  m_SelectedEditorRenderState: 0
  m_MinimumChartSize: 4
  m_AutoUVMaxDistance: 0.5
  m_AutoUVMaxAngle: 89
  m_LightmapParameters: {fileID: 0}
  m_SortingLayerID: 0
  m_SortingLayer: 0
  m_SortingOrder: -11
  m_Sprite: {fileID: 21300000, guid: fc8c5e651f006496084434b0fbd3eb28, type: 3}
  m_Color: {r: 0, g: 0.047058824, b: 0.4, a: 1}
  m_FlipX: 0
  m_FlipY: 0
  m_DrawMode: 0
  m_Size: {x: 5.12, y: 5.12}
  m_AdaptiveModeThreshold: 0.5
  m_SpriteTileMode: 0
  m_WasSpriteAssigned: 1
  m_MaskInteraction: 0
  m_SpriteSortPoint: 0
--- !u!1 &5106525793227356838
GameObject:
  m_ObjectHideFlags: 0
  m_CorrespondingSourceObject: {fileID: 0}
  m_PrefabInstance: {fileID: 0}
  m_PrefabAsset: {fileID: 0}
  serializedVersion: 6
  m_Component:
  - component: {fileID: 1537221677590090037}
  - component: {fileID: 1661920714612192987}
  m_Layer: 0
  m_Name: DNASprite (2)
  m_TagString: Untagged
  m_Icon: {fileID: 0}
  m_NavMeshLayer: 0
  m_StaticEditorFlags: 0
  m_IsActive: 0
--- !u!4 &1537221677590090037
Transform:
  m_ObjectHideFlags: 0
  m_CorrespondingSourceObject: {fileID: 0}
  m_PrefabInstance: {fileID: 0}
  m_PrefabAsset: {fileID: 0}
  m_GameObject: {fileID: 5106525793227356838}
  m_LocalRotation: {x: 0, y: 0, z: 0, w: 1}
  m_LocalPosition: {x: -0, y: 0, z: 0}
  m_LocalScale: {x: 2.12, y: 2.12, z: 1}
  m_Children: []
  m_Father: {fileID: 669816047856257462}
  m_RootOrder: 1
  m_LocalEulerAnglesHint: {x: 0, y: 0, z: 0}
--- !u!212 &1661920714612192987
SpriteRenderer:
  m_ObjectHideFlags: 0
  m_CorrespondingSourceObject: {fileID: 0}
  m_PrefabInstance: {fileID: 0}
  m_PrefabAsset: {fileID: 0}
  m_GameObject: {fileID: 5106525793227356838}
  m_Enabled: 1
  m_CastShadows: 0
  m_ReceiveShadows: 0
  m_DynamicOccludee: 1
  m_MotionVectors: 1
  m_LightProbeUsage: 1
  m_ReflectionProbeUsage: 1
  m_RayTracingMode: 0
  m_RenderingLayerMask: 1
  m_RendererPriority: 0
  m_Materials:
  - {fileID: 10754, guid: 0000000000000000f000000000000000, type: 0}
  m_StaticBatchInfo:
    firstSubMesh: 0
    subMeshCount: 0
  m_StaticBatchRoot: {fileID: 0}
  m_ProbeAnchor: {fileID: 0}
  m_LightProbeVolumeOverride: {fileID: 0}
  m_ScaleInLightmap: 1
  m_ReceiveGI: 1
  m_PreserveUVs: 0
  m_IgnoreNormalsForChartDetection: 0
  m_ImportantGI: 0
  m_StitchLightmapSeams: 1
  m_SelectedEditorRenderState: 0
  m_MinimumChartSize: 4
  m_AutoUVMaxDistance: 0.5
  m_AutoUVMaxAngle: 89
  m_LightmapParameters: {fileID: 0}
  m_SortingLayerID: 0
  m_SortingLayer: 0
  m_SortingOrder: -10
  m_Sprite: {fileID: 21300000, guid: 4ad746d19415945de955caf4e8385b73, type: 3}
  m_Color: {r: 1, g: 1, b: 1, a: 1}
  m_FlipX: 0
  m_FlipY: 0
  m_DrawMode: 0
  m_Size: {x: 5.12, y: 5.12}
  m_AdaptiveModeThreshold: 0.5
  m_SpriteTileMode: 0
  m_WasSpriteAssigned: 1
  m_MaskInteraction: 0
  m_SpriteSortPoint: 0
--- !u!1 &5426465476761074572
GameObject:
  m_ObjectHideFlags: 0
  m_CorrespondingSourceObject: {fileID: 0}
  m_PrefabInstance: {fileID: 0}
  m_PrefabAsset: {fileID: 0}
  serializedVersion: 6
  m_Component:
  - component: {fileID: 4279343655983751212}
  - component: {fileID: 7505245513984095316}
  m_Layer: 0
  m_Name: DNASprite (1)
  m_TagString: Untagged
  m_Icon: {fileID: 0}
  m_NavMeshLayer: 0
  m_StaticEditorFlags: 0
  m_IsActive: 0
--- !u!4 &4279343655983751212
Transform:
  m_ObjectHideFlags: 0
  m_CorrespondingSourceObject: {fileID: 0}
  m_PrefabInstance: {fileID: 0}
  m_PrefabAsset: {fileID: 0}
  m_GameObject: {fileID: 5426465476761074572}
  m_LocalRotation: {x: 0, y: 0, z: 0, w: 1}
  m_LocalPosition: {x: 0, y: 0, z: 0}
  m_LocalScale: {x: 0.45, y: 0.45, z: 1}
  m_Children: []
  m_Father: {fileID: 669816047856257462}
  m_RootOrder: 2
  m_LocalEulerAnglesHint: {x: 0, y: 0, z: 0}
--- !u!212 &7505245513984095316
SpriteRenderer:
  m_ObjectHideFlags: 0
  m_CorrespondingSourceObject: {fileID: 0}
  m_PrefabInstance: {fileID: 0}
  m_PrefabAsset: {fileID: 0}
  m_GameObject: {fileID: 5426465476761074572}
  m_Enabled: 1
  m_CastShadows: 0
  m_ReceiveShadows: 0
  m_DynamicOccludee: 1
  m_MotionVectors: 1
  m_LightProbeUsage: 1
  m_ReflectionProbeUsage: 1
  m_RayTracingMode: 0
  m_RenderingLayerMask: 1
  m_RendererPriority: 0
  m_Materials:
  - {fileID: 10754, guid: 0000000000000000f000000000000000, type: 0}
  m_StaticBatchInfo:
    firstSubMesh: 0
    subMeshCount: 0
  m_StaticBatchRoot: {fileID: 0}
  m_ProbeAnchor: {fileID: 0}
  m_LightProbeVolumeOverride: {fileID: 0}
  m_ScaleInLightmap: 1
  m_ReceiveGI: 1
  m_PreserveUVs: 0
  m_IgnoreNormalsForChartDetection: 0
  m_ImportantGI: 0
  m_StitchLightmapSeams: 1
  m_SelectedEditorRenderState: 0
  m_MinimumChartSize: 4
  m_AutoUVMaxDistance: 0.5
  m_AutoUVMaxAngle: 89
  m_LightmapParameters: {fileID: 0}
  m_SortingLayerID: 0
  m_SortingLayer: 0
  m_SortingOrder: -10
  m_Sprite: {fileID: 21300000, guid: a104313d06f324eb78ee2c3ada1286b0, type: 3}
  m_Color: {r: 1, g: 1, b: 1, a: 1}
  m_FlipX: 0
  m_FlipY: 0
  m_DrawMode: 0
  m_Size: {x: 5.12, y: 5.12}
  m_AdaptiveModeThreshold: 0.5
  m_SpriteTileMode: 0
  m_WasSpriteAssigned: 1
  m_MaskInteraction: 0
  m_SpriteSortPoint: 0
--- !u!1 &5510708544627933870
GameObject:
  m_ObjectHideFlags: 0
  m_CorrespondingSourceObject: {fileID: 0}
  m_PrefabInstance: {fileID: 0}
  m_PrefabAsset: {fileID: 0}
  serializedVersion: 6
  m_Component:
  - component: {fileID: 2586099104363641855}
  m_Layer: 0
  m_Name: Walls
  m_TagString: Untagged
  m_Icon: {fileID: 0}
  m_NavMeshLayer: 0
  m_StaticEditorFlags: 0
  m_IsActive: 1
--- !u!4 &2586099104363641855
Transform:
  m_ObjectHideFlags: 0
  m_CorrespondingSourceObject: {fileID: 0}
  m_PrefabInstance: {fileID: 0}
  m_PrefabAsset: {fileID: 0}
  m_GameObject: {fileID: 5510708544627933870}
  m_LocalRotation: {x: -0, y: -0, z: -0, w: 1}
  m_LocalPosition: {x: 0.6519918, y: -3.0104687, z: -11.983771}
  m_LocalScale: {x: 0.1, y: 0.1, z: 0.1}
  m_Children:
  - {fileID: 2835820897563930057}
  - {fileID: 5724580531455920549}
  m_Father: {fileID: 669816047856257462}
  m_RootOrder: 7
  m_LocalEulerAnglesHint: {x: 0, y: 0, z: 0}
--- !u!1 &5709599923525273905
GameObject:
  m_ObjectHideFlags: 0
  m_CorrespondingSourceObject: {fileID: 0}
  m_PrefabInstance: {fileID: 0}
  m_PrefabAsset: {fileID: 0}
  serializedVersion: 6
  m_Component:
  - component: {fileID: 8929777589112604478}
  m_Layer: 0
  m_Name: SpawnP1
  m_TagString: SpawnP1
  m_Icon: {fileID: 0}
  m_NavMeshLayer: 0
  m_StaticEditorFlags: 0
  m_IsActive: 1
--- !u!4 &8929777589112604478
Transform:
  m_ObjectHideFlags: 0
  m_CorrespondingSourceObject: {fileID: 0}
  m_PrefabInstance: {fileID: 0}
  m_PrefabAsset: {fileID: 0}
  m_GameObject: {fileID: 5709599923525273905}
  m_LocalRotation: {x: 0, y: 0, z: 0, w: 1}
  m_LocalPosition: {x: -14.2, y: -14.5, z: 0}
  m_LocalScale: {x: 1, y: 1, z: 1}
  m_Children: []
  m_Father: {fileID: 2204969293450451880}
  m_RootOrder: 1
  m_LocalEulerAnglesHint: {x: 0, y: 0, z: 0}
--- !u!1 &7681224806104228986
GameObject:
  m_ObjectHideFlags: 0
  m_CorrespondingSourceObject: {fileID: 0}
  m_PrefabInstance: {fileID: 0}
  m_PrefabAsset: {fileID: 0}
  serializedVersion: 6
  m_Component:
  - component: {fileID: 906097257629325958}
  m_Layer: 0
  m_Name: Virus
  m_TagString: Untagged
  m_Icon: {fileID: 0}
  m_NavMeshLayer: 0
  m_StaticEditorFlags: 0
  m_IsActive: 1
--- !u!4 &906097257629325958
Transform:
  m_ObjectHideFlags: 0
  m_CorrespondingSourceObject: {fileID: 0}
  m_PrefabInstance: {fileID: 0}
  m_PrefabAsset: {fileID: 0}
  m_GameObject: {fileID: 7681224806104228986}
  m_LocalRotation: {x: -0, y: -0, z: -0, w: 1}
  m_LocalPosition: {x: 3.5587337, y: 1.2105211, z: 0}
  m_LocalScale: {x: 0.1, y: 0.1, z: 0.1}
  m_Children:
  - {fileID: 1707544197838804233}
  m_Father: {fileID: 669816047856257462}
  m_RootOrder: 8
  m_LocalEulerAnglesHint: {x: 0, y: 0, z: 0}
--- !u!1 &7688544678394005010
GameObject:
  m_ObjectHideFlags: 0
  m_CorrespondingSourceObject: {fileID: 0}
  m_PrefabInstance: {fileID: 0}
  m_PrefabAsset: {fileID: 0}
  serializedVersion: 6
  m_Component:
  - component: {fileID: 5724580531455920549}
  - component: {fileID: 4240477907754934511}
  - component: {fileID: 7526177943137728380}
  m_Layer: 0
  m_Name: WallRIghtOuterSoft (1)
  m_TagString: Wall
  m_Icon: {fileID: 0}
  m_NavMeshLayer: 0
  m_StaticEditorFlags: 0
  m_IsActive: 1
--- !u!4 &5724580531455920549
Transform:
  m_ObjectHideFlags: 0
  m_CorrespondingSourceObject: {fileID: 0}
  m_PrefabInstance: {fileID: 0}
  m_PrefabAsset: {fileID: 0}
  m_GameObject: {fileID: 7688544678394005010}
  m_LocalRotation: {x: -0, y: -0, z: -0, w: 1}
  m_LocalPosition: {x: -6.7000003, y: 30.3, z: 119.837715}
  m_LocalScale: {x: -9.5, y: 8, z: 10}
  m_Children: []
  m_Father: {fileID: 2586099104363641855}
  m_RootOrder: 1
  m_LocalEulerAnglesHint: {x: 0, y: 0, z: 0}
--- !u!68 &4240477907754934511
EdgeCollider2D:
  m_ObjectHideFlags: 0
  m_CorrespondingSourceObject: {fileID: 0}
  m_PrefabInstance: {fileID: 0}
  m_PrefabAsset: {fileID: 0}
  m_GameObject: {fileID: 7688544678394005010}
  m_Enabled: 1
  m_Density: 1
  m_Material: {fileID: 0}
  m_IsTrigger: 0
  m_UsedByEffector: 0
  m_UsedByComposite: 0
  m_Offset: {x: 0, y: 0}
  m_EdgeRadius: 0
  m_Points:
  - {x: -1.704546, y: 5.121448}
  - {x: -1.6517829, y: -5.201167}
--- !u!114 &7526177943137728380
MonoBehaviour:
  m_ObjectHideFlags: 0
  m_CorrespondingSourceObject: {fileID: 0}
  m_PrefabInstance: {fileID: 0}
  m_PrefabAsset: {fileID: 0}
  m_GameObject: {fileID: 7688544678394005010}
  m_Enabled: 1
  m_EditorHideFlags: 0
  m_Script: {fileID: 11500000, guid: 52fcc5a9793404c3da631c2391e5cb67, type: 3}
  m_Name: 
  m_EditorClassIdentifier: 
  hardCollider: 0
  levelExit: 0
--- !u!1 &8406456482001202890
GameObject:
  m_ObjectHideFlags: 0
  m_CorrespondingSourceObject: {fileID: 0}
  m_PrefabInstance: {fileID: 0}
  m_PrefabAsset: {fileID: 0}
  serializedVersion: 6
  m_Component:
  - component: {fileID: 810790431467148777}
  - component: {fileID: 4588976872831003494}
  - component: {fileID: 887269460649424737}
  m_Layer: 0
  m_Name: ColliderLeftOuterSoft
  m_TagString: SofaDNACollider
  m_Icon: {fileID: 0}
  m_NavMeshLayer: 0
  m_StaticEditorFlags: 0
  m_IsActive: 1
--- !u!4 &810790431467148777
Transform:
  m_ObjectHideFlags: 0
  m_CorrespondingSourceObject: {fileID: 0}
  m_PrefabInstance: {fileID: 0}
  m_PrefabAsset: {fileID: 0}
  m_GameObject: {fileID: 8406456482001202890}
  m_LocalRotation: {x: -0, y: -0, z: -0, w: 1}
  m_LocalPosition: {x: -6.4, y: 30.3, z: 119.837715}
  m_LocalScale: {x: 9.5, y: 8, z: 10}
  m_Children: []
  m_Father: {fileID: 3452457410598541549}
  m_RootOrder: 1
  m_LocalEulerAnglesHint: {x: 0, y: 0, z: 0}
--- !u!68 &4588976872831003494
EdgeCollider2D:
  m_ObjectHideFlags: 0
  m_CorrespondingSourceObject: {fileID: 0}
  m_PrefabInstance: {fileID: 0}
  m_PrefabAsset: {fileID: 0}
  m_GameObject: {fileID: 8406456482001202890}
  m_Enabled: 1
  m_Density: 1
  m_Material: {fileID: 0}
  m_IsTrigger: 1
  m_UsedByEffector: 0
  m_UsedByComposite: 0
  m_Offset: {x: 0, y: 0}
  m_EdgeRadius: 0
  m_Points:
  - {x: -1.9941237, y: -3.9338937}
  - {x: -1.9527951, y: -4.441582}
  - {x: -1.76992, y: -4.87546}
  - {x: -1.7746824, y: -4.734388}
  - {x: -1.7827889, y: -4.32337}
  - {x: -1.7661622, y: -3.8938498}
  - {x: -1.6547518, y: -3.3986945}
  - {x: -1.366, y: -2.820984}
  - {x: -0.98539424, y: -2.4126127}
  - {x: -0.622787, y: -2.0977023}
  - {x: -1.1115301, y: -1.670536}
  - {x: -1.473451, y: -1.2113242}
  - {x: -1.6228677, y: -0.8963051}
  - {x: -1.7578268, y: -0.38516402}
  - {x: -1.789839, y: -0.010730743}
  - {x: -1.7523158, y: 0.42779732}
  - {x: -1.6477349, y: 0.818202}
  - {x: -1.465767, y: 1.1970539}
  - {x: -1.1417806, y: 1.6220613}
  - {x: -0.67147243, y: 2.0452175}
  - {x: -1.1656164, y: 2.50839}
  - {x: -1.3605348, y: 2.750061}
  - {x: -1.491563, y: 2.958313}
  - {x: -1.7063526, y: 3.443318}
  - {x: -1.7782837, y: 3.9547668}
  - {x: -1.773755, y: 4.7516723}
  - {x: -1.7800105, y: 4.9033065}
--- !u!114 &887269460649424737
MonoBehaviour:
  m_ObjectHideFlags: 0
  m_CorrespondingSourceObject: {fileID: 0}
  m_PrefabInstance: {fileID: 0}
  m_PrefabAsset: {fileID: 0}
  m_GameObject: {fileID: 8406456482001202890}
  m_Enabled: 1
  m_EditorHideFlags: 0
  m_Script: {fileID: 11500000, guid: 52fcc5a9793404c3da631c2391e5cb67, type: 3}
  m_Name: 
  m_EditorClassIdentifier: 
  hardCollider: 0
  levelExit: 0
--- !u!1 &8860409453466274713
GameObject:
  m_ObjectHideFlags: 0
  m_CorrespondingSourceObject: {fileID: 0}
  m_PrefabInstance: {fileID: 0}
  m_PrefabAsset: {fileID: 0}
  serializedVersion: 6
  m_Component:
  - component: {fileID: 8005899787217991192}
  m_Layer: 0
  m_Name: SpawnP0
  m_TagString: SpawnP0
  m_Icon: {fileID: 0}
  m_NavMeshLayer: 0
  m_StaticEditorFlags: 0
  m_IsActive: 1
--- !u!4 &8005899787217991192
Transform:
  m_ObjectHideFlags: 0
  m_CorrespondingSourceObject: {fileID: 0}
  m_PrefabInstance: {fileID: 0}
  m_PrefabAsset: {fileID: 0}
  m_GameObject: {fileID: 8860409453466274713}
  m_LocalRotation: {x: 0, y: 0, z: 0, w: 1}
  m_LocalPosition: {x: 14.2, y: -14.8, z: 0}
  m_LocalScale: {x: 1, y: 1, z: 1}
  m_Children: []
  m_Father: {fileID: 2204969293450451880}
  m_RootOrder: 0
  m_LocalEulerAnglesHint: {x: 0, y: 0, z: 0}
--- !u!1 &9034422902104331753
GameObject:
  m_ObjectHideFlags: 0
  m_CorrespondingSourceObject: {fileID: 0}
  m_PrefabInstance: {fileID: 0}
  m_PrefabAsset: {fileID: 0}
  serializedVersion: 6
  m_Component:
  - component: {fileID: 669816047856257462}
  - component: {fileID: 5250845737451493995}
  m_Layer: 0
  m_Name: 00Safe2
  m_TagString: Untagged
  m_Icon: {fileID: 0}
  m_NavMeshLayer: 0
  m_StaticEditorFlags: 0
  m_IsActive: 1
--- !u!4 &669816047856257462
Transform:
  m_ObjectHideFlags: 0
  m_CorrespondingSourceObject: {fileID: 0}
  m_PrefabInstance: {fileID: 0}
  m_PrefabAsset: {fileID: 0}
  m_GameObject: {fileID: 9034422902104331753}
  m_LocalRotation: {x: 0, y: 0, z: 0, w: 1}
  m_LocalPosition: {x: 0, y: 0, z: 0}
  m_LocalScale: {x: 10, y: 10, z: 10}
  m_Children:
  - {fileID: 8043792401777479724}
  - {fileID: 1537221677590090037}
  - {fileID: 4279343655983751212}
  - {fileID: 2204969293450451880}
  - {fileID: 5991557277549977769}
  - {fileID: 2203968215326606378}
  - {fileID: 3452457410598541549}
  - {fileID: 2586099104363641855}
  - {fileID: 906097257629325958}
  m_Father: {fileID: 0}
  m_RootOrder: 0
  m_LocalEulerAnglesHint: {x: 0, y: 0, z: 0}
--- !u!114 &5250845737451493995
MonoBehaviour:
  m_ObjectHideFlags: 0
  m_CorrespondingSourceObject: {fileID: 0}
  m_PrefabInstance: {fileID: 0}
  m_PrefabAsset: {fileID: 0}
  m_GameObject: {fileID: 9034422902104331753}
  m_Enabled: 1
  m_EditorHideFlags: 0
  m_Script: {fileID: 11500000, guid: a130be6d3a6534e35a65c49d14cdcc57, type: 3}
  m_Name: 
  m_EditorClassIdentifier: 
  entryType: 2
  exitType: 2
--- !u!1001 &841356130878820071
PrefabInstance:
  m_ObjectHideFlags: 0
  serializedVersion: 2
  m_Modification:
    m_TransformParent: {fileID: 2203968215326606378}
    m_Modifications:
    - target: {fileID: 2471697562375586861, guid: 81fff40e716624f30bd2a176b8dd467d,
        type: 3}
      propertyPath: m_Name
      value: Safe Coin (4)
      objectReference: {fileID: 0}
    - target: {fileID: 2471697562375586863, guid: 81fff40e716624f30bd2a176b8dd467d,
        type: 3}
      propertyPath: m_LocalPosition.x
      value: 0.03
      objectReference: {fileID: 0}
    - target: {fileID: 2471697562375586863, guid: 81fff40e716624f30bd2a176b8dd467d,
        type: 3}
      propertyPath: m_LocalPosition.y
      value: -1.44
      objectReference: {fileID: 0}
    - target: {fileID: 2471697562375586863, guid: 81fff40e716624f30bd2a176b8dd467d,
        type: 3}
      propertyPath: m_LocalPosition.z
      value: 0
      objectReference: {fileID: 0}
    - target: {fileID: 2471697562375586863, guid: 81fff40e716624f30bd2a176b8dd467d,
        type: 3}
      propertyPath: m_LocalRotation.x
      value: 0
      objectReference: {fileID: 0}
    - target: {fileID: 2471697562375586863, guid: 81fff40e716624f30bd2a176b8dd467d,
        type: 3}
      propertyPath: m_LocalRotation.y
      value: 0
      objectReference: {fileID: 0}
    - target: {fileID: 2471697562375586863, guid: 81fff40e716624f30bd2a176b8dd467d,
        type: 3}
      propertyPath: m_LocalRotation.z
      value: 0
      objectReference: {fileID: 0}
    - target: {fileID: 2471697562375586863, guid: 81fff40e716624f30bd2a176b8dd467d,
        type: 3}
      propertyPath: m_LocalRotation.w
      value: 1
      objectReference: {fileID: 0}
    - target: {fileID: 2471697562375586863, guid: 81fff40e716624f30bd2a176b8dd467d,
        type: 3}
      propertyPath: m_RootOrder
      value: 0
      objectReference: {fileID: 0}
    - target: {fileID: 2471697562375586863, guid: 81fff40e716624f30bd2a176b8dd467d,
        type: 3}
      propertyPath: m_LocalEulerAnglesHint.x
      value: 0
      objectReference: {fileID: 0}
    - target: {fileID: 2471697562375586863, guid: 81fff40e716624f30bd2a176b8dd467d,
        type: 3}
      propertyPath: m_LocalEulerAnglesHint.y
      value: 0
      objectReference: {fileID: 0}
    - target: {fileID: 2471697562375586863, guid: 81fff40e716624f30bd2a176b8dd467d,
        type: 3}
      propertyPath: m_LocalEulerAnglesHint.z
      value: 0
      objectReference: {fileID: 0}
    - target: {fileID: 2471697562375586863, guid: 81fff40e716624f30bd2a176b8dd467d,
        type: 3}
      propertyPath: m_LocalScale.x
      value: 0.1
      objectReference: {fileID: 0}
    - target: {fileID: 2471697562375586863, guid: 81fff40e716624f30bd2a176b8dd467d,
        type: 3}
      propertyPath: m_LocalScale.y
      value: 0.1
      objectReference: {fileID: 0}
    m_RemovedComponents: []
  m_SourcePrefab: {fileID: 100100000, guid: 81fff40e716624f30bd2a176b8dd467d, type: 3}
--- !u!4 &3017450401339902664 stripped
Transform:
  m_CorrespondingSourceObject: {fileID: 2471697562375586863, guid: 81fff40e716624f30bd2a176b8dd467d,
    type: 3}
  m_PrefabInstance: {fileID: 841356130878820071}
  m_PrefabAsset: {fileID: 0}
--- !u!1001 &1775726196590184525
PrefabInstance:
  m_ObjectHideFlags: 0
  serializedVersion: 2
  m_Modification:
    m_TransformParent: {fileID: 2203968215326606378}
    m_Modifications:
    - target: {fileID: 2471697562375586861, guid: 81fff40e716624f30bd2a176b8dd467d,
        type: 3}
      propertyPath: m_Name
      value: Safe Coin (7)
      objectReference: {fileID: 0}
    - target: {fileID: 2471697562375586863, guid: 81fff40e716624f30bd2a176b8dd467d,
        type: 3}
      propertyPath: m_LocalPosition.x
      value: 0.029999997
      objectReference: {fileID: 0}
    - target: {fileID: 2471697562375586863, guid: 81fff40e716624f30bd2a176b8dd467d,
        type: 3}
      propertyPath: m_LocalPosition.y
      value: 0.059999824
      objectReference: {fileID: 0}
    - target: {fileID: 2471697562375586863, guid: 81fff40e716624f30bd2a176b8dd467d,
        type: 3}
      propertyPath: m_LocalPosition.z
      value: 0
      objectReference: {fileID: 0}
    - target: {fileID: 2471697562375586863, guid: 81fff40e716624f30bd2a176b8dd467d,
        type: 3}
      propertyPath: m_LocalRotation.x
      value: 0
      objectReference: {fileID: 0}
    - target: {fileID: 2471697562375586863, guid: 81fff40e716624f30bd2a176b8dd467d,
        type: 3}
      propertyPath: m_LocalRotation.y
      value: 0
      objectReference: {fileID: 0}
    - target: {fileID: 2471697562375586863, guid: 81fff40e716624f30bd2a176b8dd467d,
        type: 3}
      propertyPath: m_LocalRotation.z
      value: 0
      objectReference: {fileID: 0}
    - target: {fileID: 2471697562375586863, guid: 81fff40e716624f30bd2a176b8dd467d,
        type: 3}
      propertyPath: m_LocalRotation.w
      value: 1
      objectReference: {fileID: 0}
    - target: {fileID: 2471697562375586863, guid: 81fff40e716624f30bd2a176b8dd467d,
        type: 3}
      propertyPath: m_RootOrder
      value: 3
      objectReference: {fileID: 0}
    - target: {fileID: 2471697562375586863, guid: 81fff40e716624f30bd2a176b8dd467d,
        type: 3}
      propertyPath: m_LocalEulerAnglesHint.x
      value: 0
      objectReference: {fileID: 0}
    - target: {fileID: 2471697562375586863, guid: 81fff40e716624f30bd2a176b8dd467d,
        type: 3}
      propertyPath: m_LocalEulerAnglesHint.y
      value: 0
      objectReference: {fileID: 0}
    - target: {fileID: 2471697562375586863, guid: 81fff40e716624f30bd2a176b8dd467d,
        type: 3}
      propertyPath: m_LocalEulerAnglesHint.z
      value: 0
      objectReference: {fileID: 0}
    - target: {fileID: 2471697562375586863, guid: 81fff40e716624f30bd2a176b8dd467d,
        type: 3}
      propertyPath: m_LocalScale.x
      value: 0.1
      objectReference: {fileID: 0}
    - target: {fileID: 2471697562375586863, guid: 81fff40e716624f30bd2a176b8dd467d,
        type: 3}
      propertyPath: m_LocalScale.y
      value: 0.1
      objectReference: {fileID: 0}
    m_RemovedComponents: []
  m_SourcePrefab: {fileID: 100100000, guid: 81fff40e716624f30bd2a176b8dd467d, type: 3}
--- !u!4 &4245098151880789090 stripped
Transform:
  m_CorrespondingSourceObject: {fileID: 2471697562375586863, guid: 81fff40e716624f30bd2a176b8dd467d,
    type: 3}
  m_PrefabInstance: {fileID: 1775726196590184525}
  m_PrefabAsset: {fileID: 0}
--- !u!1001 &1848431065714346767
PrefabInstance:
  m_ObjectHideFlags: 0
  serializedVersion: 2
  m_Modification:
    m_TransformParent: {fileID: 2203968215326606378}
    m_Modifications:
    - target: {fileID: 2471697562375586861, guid: 81fff40e716624f30bd2a176b8dd467d,
        type: 3}
      propertyPath: m_Name
      value: Safe Coin (5)
      objectReference: {fileID: 0}
    - target: {fileID: 2471697562375586863, guid: 81fff40e716624f30bd2a176b8dd467d,
        type: 3}
      propertyPath: m_LocalPosition.x
      value: 0.029999997
      objectReference: {fileID: 0}
    - target: {fileID: 2471697562375586863, guid: 81fff40e716624f30bd2a176b8dd467d,
        type: 3}
      propertyPath: m_LocalPosition.y
      value: -0.9400002
      objectReference: {fileID: 0}
    - target: {fileID: 2471697562375586863, guid: 81fff40e716624f30bd2a176b8dd467d,
        type: 3}
      propertyPath: m_LocalPosition.z
      value: 0
      objectReference: {fileID: 0}
    - target: {fileID: 2471697562375586863, guid: 81fff40e716624f30bd2a176b8dd467d,
        type: 3}
      propertyPath: m_LocalRotation.x
      value: 0
      objectReference: {fileID: 0}
    - target: {fileID: 2471697562375586863, guid: 81fff40e716624f30bd2a176b8dd467d,
        type: 3}
      propertyPath: m_LocalRotation.y
      value: 0
      objectReference: {fileID: 0}
    - target: {fileID: 2471697562375586863, guid: 81fff40e716624f30bd2a176b8dd467d,
        type: 3}
      propertyPath: m_LocalRotation.z
      value: 0
      objectReference: {fileID: 0}
    - target: {fileID: 2471697562375586863, guid: 81fff40e716624f30bd2a176b8dd467d,
        type: 3}
      propertyPath: m_LocalRotation.w
      value: 1
      objectReference: {fileID: 0}
    - target: {fileID: 2471697562375586863, guid: 81fff40e716624f30bd2a176b8dd467d,
        type: 3}
      propertyPath: m_RootOrder
      value: 1
      objectReference: {fileID: 0}
    - target: {fileID: 2471697562375586863, guid: 81fff40e716624f30bd2a176b8dd467d,
        type: 3}
      propertyPath: m_LocalEulerAnglesHint.x
      value: 0
      objectReference: {fileID: 0}
    - target: {fileID: 2471697562375586863, guid: 81fff40e716624f30bd2a176b8dd467d,
        type: 3}
      propertyPath: m_LocalEulerAnglesHint.y
      value: 0
      objectReference: {fileID: 0}
    - target: {fileID: 2471697562375586863, guid: 81fff40e716624f30bd2a176b8dd467d,
        type: 3}
      propertyPath: m_LocalEulerAnglesHint.z
      value: 0
      objectReference: {fileID: 0}
    - target: {fileID: 2471697562375586863, guid: 81fff40e716624f30bd2a176b8dd467d,
        type: 3}
      propertyPath: m_LocalScale.x
      value: 0.1
      objectReference: {fileID: 0}
    - target: {fileID: 2471697562375586863, guid: 81fff40e716624f30bd2a176b8dd467d,
        type: 3}
      propertyPath: m_LocalScale.y
      value: 0.1
      objectReference: {fileID: 0}
    m_RemovedComponents: []
  m_SourcePrefab: {fileID: 100100000, guid: 81fff40e716624f30bd2a176b8dd467d, type: 3}
--- !u!4 &4317766307843657504 stripped
Transform:
  m_CorrespondingSourceObject: {fileID: 2471697562375586863, guid: 81fff40e716624f30bd2a176b8dd467d,
    type: 3}
  m_PrefabInstance: {fileID: 1848431065714346767}
  m_PrefabAsset: {fileID: 0}
--- !u!1001 &1945652616847871972
PrefabInstance:
  m_ObjectHideFlags: 0
  serializedVersion: 2
  m_Modification:
    m_TransformParent: {fileID: 2203968215326606378}
    m_Modifications:
    - target: {fileID: 2471697562375586861, guid: 81fff40e716624f30bd2a176b8dd467d,
        type: 3}
      propertyPath: m_Name
      value: Safe Coin (8)
      objectReference: {fileID: 0}
    - target: {fileID: 2471697562375586863, guid: 81fff40e716624f30bd2a176b8dd467d,
        type: 3}
      propertyPath: m_LocalPosition.x
      value: 0.029999997
      objectReference: {fileID: 0}
    - target: {fileID: 2471697562375586863, guid: 81fff40e716624f30bd2a176b8dd467d,
        type: 3}
      propertyPath: m_LocalPosition.y
      value: 0.5599998
      objectReference: {fileID: 0}
    - target: {fileID: 2471697562375586863, guid: 81fff40e716624f30bd2a176b8dd467d,
        type: 3}
      propertyPath: m_LocalPosition.z
      value: 0
      objectReference: {fileID: 0}
    - target: {fileID: 2471697562375586863, guid: 81fff40e716624f30bd2a176b8dd467d,
        type: 3}
      propertyPath: m_LocalRotation.x
      value: 0
      objectReference: {fileID: 0}
    - target: {fileID: 2471697562375586863, guid: 81fff40e716624f30bd2a176b8dd467d,
        type: 3}
      propertyPath: m_LocalRotation.y
      value: 0
      objectReference: {fileID: 0}
    - target: {fileID: 2471697562375586863, guid: 81fff40e716624f30bd2a176b8dd467d,
        type: 3}
      propertyPath: m_LocalRotation.z
      value: 0
      objectReference: {fileID: 0}
    - target: {fileID: 2471697562375586863, guid: 81fff40e716624f30bd2a176b8dd467d,
        type: 3}
      propertyPath: m_LocalRotation.w
      value: 1
      objectReference: {fileID: 0}
    - target: {fileID: 2471697562375586863, guid: 81fff40e716624f30bd2a176b8dd467d,
        type: 3}
      propertyPath: m_RootOrder
      value: 4
      objectReference: {fileID: 0}
    - target: {fileID: 2471697562375586863, guid: 81fff40e716624f30bd2a176b8dd467d,
        type: 3}
      propertyPath: m_LocalEulerAnglesHint.x
      value: 0
      objectReference: {fileID: 0}
    - target: {fileID: 2471697562375586863, guid: 81fff40e716624f30bd2a176b8dd467d,
        type: 3}
      propertyPath: m_LocalEulerAnglesHint.y
      value: 0
      objectReference: {fileID: 0}
    - target: {fileID: 2471697562375586863, guid: 81fff40e716624f30bd2a176b8dd467d,
        type: 3}
      propertyPath: m_LocalEulerAnglesHint.z
      value: 0
      objectReference: {fileID: 0}
    - target: {fileID: 2471697562375586863, guid: 81fff40e716624f30bd2a176b8dd467d,
        type: 3}
      propertyPath: m_LocalScale.x
      value: 0.1
      objectReference: {fileID: 0}
    - target: {fileID: 2471697562375586863, guid: 81fff40e716624f30bd2a176b8dd467d,
        type: 3}
      propertyPath: m_LocalScale.y
      value: 0.1
      objectReference: {fileID: 0}
    m_RemovedComponents: []
  m_SourcePrefab: {fileID: 100100000, guid: 81fff40e716624f30bd2a176b8dd467d, type: 3}
--- !u!4 &4129065737167719371 stripped
Transform:
  m_CorrespondingSourceObject: {fileID: 2471697562375586863, guid: 81fff40e716624f30bd2a176b8dd467d,
    type: 3}
  m_PrefabInstance: {fileID: 1945652616847871972}
  m_PrefabAsset: {fileID: 0}
--- !u!1001 &5102769557397923184
PrefabInstance:
  m_ObjectHideFlags: 0
  serializedVersion: 2
  m_Modification:
    m_TransformParent: {fileID: 2203968215326606378}
    m_Modifications:
    - target: {fileID: 2471697562375586861, guid: 81fff40e716624f30bd2a176b8dd467d,
        type: 3}
      propertyPath: m_Name
      value: Safe Coin (10)
      objectReference: {fileID: 0}
    - target: {fileID: 2471697562375586863, guid: 81fff40e716624f30bd2a176b8dd467d,
        type: 3}
      propertyPath: m_LocalPosition.x
      value: 0.029999997
      objectReference: {fileID: 0}
    - target: {fileID: 2471697562375586863, guid: 81fff40e716624f30bd2a176b8dd467d,
        type: 3}
      propertyPath: m_LocalPosition.y
      value: 1.5599998
      objectReference: {fileID: 0}
    - target: {fileID: 2471697562375586863, guid: 81fff40e716624f30bd2a176b8dd467d,
        type: 3}
      propertyPath: m_LocalPosition.z
      value: 0
      objectReference: {fileID: 0}
    - target: {fileID: 2471697562375586863, guid: 81fff40e716624f30bd2a176b8dd467d,
        type: 3}
      propertyPath: m_LocalRotation.x
      value: 0
      objectReference: {fileID: 0}
    - target: {fileID: 2471697562375586863, guid: 81fff40e716624f30bd2a176b8dd467d,
        type: 3}
      propertyPath: m_LocalRotation.y
      value: 0
      objectReference: {fileID: 0}
    - target: {fileID: 2471697562375586863, guid: 81fff40e716624f30bd2a176b8dd467d,
        type: 3}
      propertyPath: m_LocalRotation.z
      value: 0
      objectReference: {fileID: 0}
    - target: {fileID: 2471697562375586863, guid: 81fff40e716624f30bd2a176b8dd467d,
        type: 3}
      propertyPath: m_LocalRotation.w
      value: 1
      objectReference: {fileID: 0}
    - target: {fileID: 2471697562375586863, guid: 81fff40e716624f30bd2a176b8dd467d,
        type: 3}
      propertyPath: m_RootOrder
      value: 6
      objectReference: {fileID: 0}
    - target: {fileID: 2471697562375586863, guid: 81fff40e716624f30bd2a176b8dd467d,
        type: 3}
      propertyPath: m_LocalEulerAnglesHint.x
      value: 0
      objectReference: {fileID: 0}
    - target: {fileID: 2471697562375586863, guid: 81fff40e716624f30bd2a176b8dd467d,
        type: 3}
      propertyPath: m_LocalEulerAnglesHint.y
      value: 0
      objectReference: {fileID: 0}
    - target: {fileID: 2471697562375586863, guid: 81fff40e716624f30bd2a176b8dd467d,
        type: 3}
      propertyPath: m_LocalEulerAnglesHint.z
      value: 0
      objectReference: {fileID: 0}
    - target: {fileID: 2471697562375586863, guid: 81fff40e716624f30bd2a176b8dd467d,
        type: 3}
      propertyPath: m_LocalScale.x
      value: 0.1
      objectReference: {fileID: 0}
    - target: {fileID: 2471697562375586863, guid: 81fff40e716624f30bd2a176b8dd467d,
        type: 3}
      propertyPath: m_LocalScale.y
      value: 0.1
      objectReference: {fileID: 0}
    m_RemovedComponents: []
  m_SourcePrefab: {fileID: 100100000, guid: 81fff40e716624f30bd2a176b8dd467d, type: 3}
--- !u!4 &7250116134529786207 stripped
Transform:
  m_CorrespondingSourceObject: {fileID: 2471697562375586863, guid: 81fff40e716624f30bd2a176b8dd467d,
    type: 3}
  m_PrefabInstance: {fileID: 5102769557397923184}
  m_PrefabAsset: {fileID: 0}
--- !u!1001 &8348914387405156727
PrefabInstance:
  m_ObjectHideFlags: 0
  serializedVersion: 2
  m_Modification:
    m_TransformParent: {fileID: 2203968215326606378}
    m_Modifications:
    - target: {fileID: 2471697562375586861, guid: 81fff40e716624f30bd2a176b8dd467d,
        type: 3}
      propertyPath: m_Name
      value: Safe Coin (9)
      objectReference: {fileID: 0}
    - target: {fileID: 2471697562375586863, guid: 81fff40e716624f30bd2a176b8dd467d,
        type: 3}
      propertyPath: m_LocalPosition.x
      value: 0.029999997
      objectReference: {fileID: 0}
    - target: {fileID: 2471697562375586863, guid: 81fff40e716624f30bd2a176b8dd467d,
        type: 3}
      propertyPath: m_LocalPosition.y
      value: 1.06
      objectReference: {fileID: 0}
    - target: {fileID: 2471697562375586863, guid: 81fff40e716624f30bd2a176b8dd467d,
        type: 3}
      propertyPath: m_LocalPosition.z
      value: 0
      objectReference: {fileID: 0}
    - target: {fileID: 2471697562375586863, guid: 81fff40e716624f30bd2a176b8dd467d,
        type: 3}
      propertyPath: m_LocalRotation.x
      value: 0
      objectReference: {fileID: 0}
    - target: {fileID: 2471697562375586863, guid: 81fff40e716624f30bd2a176b8dd467d,
        type: 3}
      propertyPath: m_LocalRotation.y
      value: 0
      objectReference: {fileID: 0}
    - target: {fileID: 2471697562375586863, guid: 81fff40e716624f30bd2a176b8dd467d,
        type: 3}
      propertyPath: m_LocalRotation.z
      value: 0
      objectReference: {fileID: 0}
    - target: {fileID: 2471697562375586863, guid: 81fff40e716624f30bd2a176b8dd467d,
        type: 3}
      propertyPath: m_LocalRotation.w
      value: 1
      objectReference: {fileID: 0}
    - target: {fileID: 2471697562375586863, guid: 81fff40e716624f30bd2a176b8dd467d,
        type: 3}
      propertyPath: m_RootOrder
      value: 5
      objectReference: {fileID: 0}
    - target: {fileID: 2471697562375586863, guid: 81fff40e716624f30bd2a176b8dd467d,
        type: 3}
      propertyPath: m_LocalEulerAnglesHint.x
      value: 0
      objectReference: {fileID: 0}
    - target: {fileID: 2471697562375586863, guid: 81fff40e716624f30bd2a176b8dd467d,
        type: 3}
      propertyPath: m_LocalEulerAnglesHint.y
      value: 0
      objectReference: {fileID: 0}
    - target: {fileID: 2471697562375586863, guid: 81fff40e716624f30bd2a176b8dd467d,
        type: 3}
      propertyPath: m_LocalEulerAnglesHint.z
      value: 0
      objectReference: {fileID: 0}
    - target: {fileID: 2471697562375586863, guid: 81fff40e716624f30bd2a176b8dd467d,
        type: 3}
      propertyPath: m_LocalScale.x
      value: 0.1
      objectReference: {fileID: 0}
    - target: {fileID: 2471697562375586863, guid: 81fff40e716624f30bd2a176b8dd467d,
        type: 3}
      propertyPath: m_LocalScale.y
      value: 0.1
      objectReference: {fileID: 0}
    m_RemovedComponents: []
  m_SourcePrefab: {fileID: 100100000, guid: 81fff40e716624f30bd2a176b8dd467d, type: 3}
--- !u!4 &5877328016248812888 stripped
Transform:
  m_CorrespondingSourceObject: {fileID: 2471697562375586863, guid: 81fff40e716624f30bd2a176b8dd467d,
    type: 3}
  m_PrefabInstance: {fileID: 8348914387405156727}
  m_PrefabAsset: {fileID: 0}
--- !u!1001 &8998706483419491595
PrefabInstance:
  m_ObjectHideFlags: 0
  serializedVersion: 2
  m_Modification:
    m_TransformParent: {fileID: 2203968215326606378}
    m_Modifications:
    - target: {fileID: 2471697562375586861, guid: 81fff40e716624f30bd2a176b8dd467d,
        type: 3}
      propertyPath: m_Name
      value: Safe Coin (6)
      objectReference: {fileID: 0}
    - target: {fileID: 2471697562375586863, guid: 81fff40e716624f30bd2a176b8dd467d,
        type: 3}
      propertyPath: m_LocalPosition.x
      value: 0.029999997
      objectReference: {fileID: 0}
    - target: {fileID: 2471697562375586863, guid: 81fff40e716624f30bd2a176b8dd467d,
        type: 3}
      propertyPath: m_LocalPosition.y
      value: -0.44000018
      objectReference: {fileID: 0}
    - target: {fileID: 2471697562375586863, guid: 81fff40e716624f30bd2a176b8dd467d,
        type: 3}
      propertyPath: m_LocalPosition.z
      value: 0
      objectReference: {fileID: 0}
    - target: {fileID: 2471697562375586863, guid: 81fff40e716624f30bd2a176b8dd467d,
        type: 3}
      propertyPath: m_LocalRotation.x
      value: 0
      objectReference: {fileID: 0}
    - target: {fileID: 2471697562375586863, guid: 81fff40e716624f30bd2a176b8dd467d,
        type: 3}
      propertyPath: m_LocalRotation.y
      value: 0
      objectReference: {fileID: 0}
    - target: {fileID: 2471697562375586863, guid: 81fff40e716624f30bd2a176b8dd467d,
        type: 3}
      propertyPath: m_LocalRotation.z
      value: 0
      objectReference: {fileID: 0}
    - target: {fileID: 2471697562375586863, guid: 81fff40e716624f30bd2a176b8dd467d,
        type: 3}
      propertyPath: m_LocalRotation.w
      value: 1
      objectReference: {fileID: 0}
    - target: {fileID: 2471697562375586863, guid: 81fff40e716624f30bd2a176b8dd467d,
        type: 3}
      propertyPath: m_RootOrder
      value: 2
      objectReference: {fileID: 0}
    - target: {fileID: 2471697562375586863, guid: 81fff40e716624f30bd2a176b8dd467d,
        type: 3}
      propertyPath: m_LocalEulerAnglesHint.x
      value: 0
      objectReference: {fileID: 0}
    - target: {fileID: 2471697562375586863, guid: 81fff40e716624f30bd2a176b8dd467d,
        type: 3}
      propertyPath: m_LocalEulerAnglesHint.y
      value: 0
      objectReference: {fileID: 0}
    - target: {fileID: 2471697562375586863, guid: 81fff40e716624f30bd2a176b8dd467d,
        type: 3}
      propertyPath: m_LocalEulerAnglesHint.z
      value: 0
      objectReference: {fileID: 0}
    - target: {fileID: 2471697562375586863, guid: 81fff40e716624f30bd2a176b8dd467d,
        type: 3}
      propertyPath: m_LocalScale.x
      value: 0.1
      objectReference: {fileID: 0}
    - target: {fileID: 2471697562375586863, guid: 81fff40e716624f30bd2a176b8dd467d,
        type: 3}
      propertyPath: m_LocalScale.y
      value: 0.1
      objectReference: {fileID: 0}
    m_RemovedComponents: []
  m_SourcePrefab: {fileID: 100100000, guid: 81fff40e716624f30bd2a176b8dd467d, type: 3}
--- !u!4 &6822082660033210660 stripped
Transform:
  m_CorrespondingSourceObject: {fileID: 2471697562375586863, guid: 81fff40e716624f30bd2a176b8dd467d,
    type: 3}
  m_PrefabInstance: {fileID: 8998706483419491595}
  m_PrefabAsset: {fileID: 0}
