%YAML 1.1
%TAG !u! tag:unity3d.com,2011:
--- !u!1 &81466290172954055
GameObject:
  m_ObjectHideFlags: 0
  m_CorrespondingSourceObject: {fileID: 0}
  m_PrefabInstance: {fileID: 0}
  m_PrefabAsset: {fileID: 0}
  serializedVersion: 6
  m_Component:
  - component: {fileID: 2835820897563930057}
  - component: {fileID: 6282261385506613230}
  - component: {fileID: 904588205934250323}
  m_Layer: 0
  m_Name: WallLeftOuterSoft (1)
  m_TagString: Wall
  m_Icon: {fileID: 0}
  m_NavMeshLayer: 0
  m_StaticEditorFlags: 0
  m_IsActive: 1
--- !u!4 &2835820897563930057
Transform:
  m_ObjectHideFlags: 0
  m_CorrespondingSourceObject: {fileID: 0}
  m_PrefabInstance: {fileID: 0}
  m_PrefabAsset: {fileID: 0}
  m_GameObject: {fileID: 81466290172954055}
  m_LocalRotation: {x: -0, y: -0, z: -0, w: 1}
  m_LocalPosition: {x: -6.4000006, y: 30.3, z: 119.837715}
  m_LocalScale: {x: 9.5, y: 8, z: 10}
  m_Children: []
  m_Father: {fileID: 2586099104363641855}
  m_RootOrder: 2
  m_LocalEulerAnglesHint: {x: 0, y: 0, z: 0}
--- !u!68 &6282261385506613230
EdgeCollider2D:
  m_ObjectHideFlags: 0
  m_CorrespondingSourceObject: {fileID: 0}
  m_PrefabInstance: {fileID: 0}
  m_PrefabAsset: {fileID: 0}
  m_GameObject: {fileID: 81466290172954055}
  m_Enabled: 1
  m_Density: 1
  m_Material: {fileID: 0}
  m_IsTrigger: 0
  m_UsedByEffector: 0
  m_UsedByComposite: 0
  m_Offset: {x: 0, y: 0}
  m_EdgeRadius: 0
  m_Points:
  - {x: -1.9941237, y: -3.9338937}
  - {x: -1.9527951, y: -4.441582}
  - {x: -1.7699194, y: -4.8980813}
  - {x: -1.7699199, y: -4.740043}
  - {x: -1.7824116, y: -4.2963953}
  - {x: -1.753142, y: -3.8157759}
  - {x: -1.6547518, y: -3.3986945}
  - {x: -1.521642, y: -3.109546}
  - {x: -1.3674407, y: -2.845711}
  - {x: -1.0916941, y: -2.5157125}
  - {x: -0.62679076, y: -2.0952077}
  - {x: -1.1115301, y: -1.670536}
  - {x: -1.473451, y: -1.2113242}
  - {x: -1.6228677, y: -0.8963051}
  - {x: -1.7578268, y: -0.38516402}
  - {x: -1.789839, y: -0.010730743}
  - {x: -1.7523158, y: 0.42779732}
  - {x: -1.6477349, y: 0.818202}
  - {x: -1.465767, y: 1.1970539}
  - {x: -1.1417806, y: 1.6220613}
  - {x: -0.67147243, y: 2.0452175}
  - {x: -1.1656164, y: 2.50839}
  - {x: -1.3605348, y: 2.750061}
  - {x: -1.491563, y: 2.958313}
  - {x: -1.6896429, y: 3.4367032}
  - {x: -1.7561817, y: 3.7141504}
  - {x: -1.7836021, y: 4.1104946}
  - {x: -1.7761623, y: 4.825625}
  - {x: -1.7785696, y: 4.9429173}
--- !u!114 &904588205934250323
MonoBehaviour:
  m_ObjectHideFlags: 0
  m_CorrespondingSourceObject: {fileID: 0}
  m_PrefabInstance: {fileID: 0}
  m_PrefabAsset: {fileID: 0}
  m_GameObject: {fileID: 81466290172954055}
  m_Enabled: 1
  m_EditorHideFlags: 0
  m_Script: {fileID: 11500000, guid: 52fcc5a9793404c3da631c2391e5cb67, type: 3}
  m_Name: 
  m_EditorClassIdentifier: 
  hardCollider: 0
--- !u!1 &115764922812261060
GameObject:
  m_ObjectHideFlags: 0
  m_CorrespondingSourceObject: {fileID: 0}
  m_PrefabInstance: {fileID: 0}
  m_PrefabAsset: {fileID: 0}
  serializedVersion: 6
  m_Component:
  - component: {fileID: 1031841398875434010}
  - component: {fileID: 6304870086115006233}
  m_Layer: 0
  m_Name: TrackGuideP0
  m_TagString: TrackGuideP0
  m_Icon: {fileID: 0}
  m_NavMeshLayer: 0
  m_StaticEditorFlags: 0
  m_IsActive: 1
--- !u!4 &1031841398875434010
Transform:
  m_ObjectHideFlags: 0
  m_CorrespondingSourceObject: {fileID: 0}
  m_PrefabInstance: {fileID: 0}
  m_PrefabAsset: {fileID: 0}
  m_GameObject: {fileID: 115764922812261060}
  m_LocalRotation: {x: 0, y: 0, z: 0, w: 1}
  m_LocalPosition: {x: -17.9, y: 0, z: 0}
  m_LocalScale: {x: -1, y: 1, z: 1}
  m_Children: []
  m_Father: {fileID: 3452457410598541549}
  m_RootOrder: 6
  m_LocalEulerAnglesHint: {x: 0, y: 0, z: 0}
--- !u!68 &6304870086115006233
EdgeCollider2D:
  m_ObjectHideFlags: 0
  m_CorrespondingSourceObject: {fileID: 0}
  m_PrefabInstance: {fileID: 0}
  m_PrefabAsset: {fileID: 0}
  m_GameObject: {fileID: 115764922812261060}
  m_Enabled: 1
  m_Density: 1
  m_Material: {fileID: 0}
  m_IsTrigger: 1
  m_UsedByEffector: 0
  m_UsedByComposite: 0
  m_Offset: {x: 0, y: 0}
  m_EdgeRadius: 0
  m_Points:
  - {x: -24.738165, y: -11.66464}
  - {x: -25.213358, y: -4.8950243}
  - {x: -24.952234, y: 0.992434}
  - {x: -23.298706, y: 4.3121457}
  - {x: -17.816616, y: 9.466567}
  - {x: -11.360475, y: 15.641914}
  - {x: -11.826338, y: 69.88801}
--- !u!1 &539386769960522579
GameObject:
  m_ObjectHideFlags: 0
  m_CorrespondingSourceObject: {fileID: 0}
  m_PrefabInstance: {fileID: 0}
  m_PrefabAsset: {fileID: 0}
  serializedVersion: 6
  m_Component:
  - component: {fileID: 8502014867681101689}
  - component: {fileID: 1939616574993874618}
  - component: {fileID: 311568804266698449}
  m_Layer: 0
  m_Name: WallRightBottomInnerSoft (1)
  m_TagString: Wall
  m_Icon: {fileID: 0}
  m_NavMeshLayer: 0
  m_StaticEditorFlags: 0
  m_IsActive: 1
--- !u!4 &8502014867681101689
Transform:
  m_ObjectHideFlags: 0
  m_CorrespondingSourceObject: {fileID: 0}
  m_PrefabInstance: {fileID: 0}
  m_PrefabAsset: {fileID: 0}
  m_GameObject: {fileID: 539386769960522579}
  m_LocalRotation: {x: -0, y: -0, z: -0, w: 1}
  m_LocalPosition: {x: -9.2, y: 35.1, z: 119.837715}
  m_LocalScale: {x: -11, y: -11, z: 10}
  m_Children: []
  m_Father: {fileID: 2586099104363641855}
  m_RootOrder: 0
  m_LocalEulerAnglesHint: {x: 0, y: 0, z: 0}
--- !u!68 &1939616574993874618
EdgeCollider2D:
  m_ObjectHideFlags: 0
  m_CorrespondingSourceObject: {fileID: 0}
  m_PrefabInstance: {fileID: 0}
  m_PrefabAsset: {fileID: 0}
  m_GameObject: {fileID: 539386769960522579}
  m_Enabled: 1
  m_Density: 1
  m_Material: {fileID: 0}
  m_IsTrigger: 0
  m_UsedByEffector: 0
  m_UsedByComposite: 0
  m_Offset: {x: 0, y: 0}
  m_EdgeRadius: 0
  m_Points:
  - {x: -0.9295846, y: 4.078974}
  - {x: -0.91002804, y: 4.0887513}
  - {x: -1.1033205, y: 4.166999}
  - {x: -1.1534611, y: 4.2226048}
  - {x: -1.1787755, y: 3.7135687}
  - {x: -1.1900023, y: 3.5392606}
  - {x: -1.1730349, y: 3.309502}
  - {x: -1.1121718, y: 3.085689}
  - {x: -1.0110562, y: 2.906758}
  - {x: -0.8742902, y: 2.736574}
  - {x: -0.6874334, y: 2.5635896}
  - {x: -0.29516608, y: 2.306413}
--- !u!114 &311568804266698449
MonoBehaviour:
  m_ObjectHideFlags: 0
  m_CorrespondingSourceObject: {fileID: 0}
  m_PrefabInstance: {fileID: 0}
  m_PrefabAsset: {fileID: 0}
  m_GameObject: {fileID: 539386769960522579}
  m_Enabled: 1
  m_EditorHideFlags: 0
  m_Script: {fileID: 11500000, guid: 52fcc5a9793404c3da631c2391e5cb67, type: 3}
  m_Name: 
  m_EditorClassIdentifier: 
  hardCollider: 0
--- !u!1 &1434332605675467955
GameObject:
  m_ObjectHideFlags: 0
  m_CorrespondingSourceObject: {fileID: 0}
  m_PrefabInstance: {fileID: 0}
  m_PrefabAsset: {fileID: 0}
  serializedVersion: 6
  m_Component:
  - component: {fileID: 2203968215326606378}
  m_Layer: 0
  m_Name: Coins
  m_TagString: Untagged
  m_Icon: {fileID: 0}
  m_NavMeshLayer: 0
  m_StaticEditorFlags: 0
  m_IsActive: 1
--- !u!4 &2203968215326606378
Transform:
  m_ObjectHideFlags: 0
  m_CorrespondingSourceObject: {fileID: 0}
  m_PrefabInstance: {fileID: 0}
  m_PrefabAsset: {fileID: 0}
  m_GameObject: {fileID: 1434332605675467955}
  m_LocalRotation: {x: 0, y: 0, z: 0, w: 1}
  m_LocalPosition: {x: 0, y: 0, z: 0}
  m_LocalScale: {x: 1, y: 1, z: 1}
  m_Children:
  - {fileID: 1591920744421350371}
  - {fileID: 292320954810623475}
  - {fileID: 1209567347737071810}
  - {fileID: 6482398785663098762}
  - {fileID: 4808200086774288375}
  - {fileID: 6406191040887559477}
  - {fileID: 5513790159639607900}
  - {fileID: 122275913567397654}
  m_Father: {fileID: 669816047856257462}
  m_RootOrder: 5
  m_LocalEulerAnglesHint: {x: 0, y: 0, z: 0}
--- !u!1 &1958562936849303732
GameObject:
  m_ObjectHideFlags: 0
  m_CorrespondingSourceObject: {fileID: 0}
  m_PrefabInstance: {fileID: 0}
  m_PrefabAsset: {fileID: 0}
  serializedVersion: 6
  m_Component:
  - component: {fileID: 3452457410598541549}
  m_Layer: 0
  m_Name: Colliders
  m_TagString: Untagged
  m_Icon: {fileID: 0}
  m_NavMeshLayer: 0
  m_StaticEditorFlags: 0
  m_IsActive: 1
--- !u!4 &3452457410598541549
Transform:
  m_ObjectHideFlags: 0
  m_CorrespondingSourceObject: {fileID: 0}
  m_PrefabInstance: {fileID: 0}
  m_PrefabAsset: {fileID: 0}
  m_GameObject: {fileID: 1958562936849303732}
  m_LocalRotation: {x: -0, y: -0, z: -0, w: 1}
  m_LocalPosition: {x: 0.6519918, y: -3.0104687, z: -11.983771}
  m_LocalScale: {x: 0.1, y: 0.1, z: 0.1}
  m_Children:
  - {fileID: 5791042155239242458}
  - {fileID: 810790431467148777}
  - {fileID: 8037172755846320146}
  - {fileID: 5597149763012419040}
  - {fileID: 6114123025842190806}
  - {fileID: 5398966292774564212}
  - {fileID: 1031841398875434010}
  m_Father: {fileID: 669816047856257462}
  m_RootOrder: 6
  m_LocalEulerAnglesHint: {x: 0, y: 0, z: 0}
--- !u!1 &2530403438181489392
GameObject:
  m_ObjectHideFlags: 0
  m_CorrespondingSourceObject: {fileID: 0}
  m_PrefabInstance: {fileID: 0}
  m_PrefabAsset: {fileID: 0}
  serializedVersion: 6
  m_Component:
  - component: {fileID: 8043792401777479724}
  - component: {fileID: 2259196298339427729}
  m_Layer: 0
  m_Name: DNASprite (3)
  m_TagString: Untagged
  m_Icon: {fileID: 0}
  m_NavMeshLayer: 0
  m_StaticEditorFlags: 0
  m_IsActive: 1
--- !u!4 &8043792401777479724
Transform:
  m_ObjectHideFlags: 0
  m_CorrespondingSourceObject: {fileID: 0}
  m_PrefabInstance: {fileID: 0}
  m_PrefabAsset: {fileID: 0}
  m_GameObject: {fileID: 2530403438181489392}
  m_LocalRotation: {x: 0, y: 0, z: 0, w: 1}
  m_LocalPosition: {x: 0, y: 0, z: 0}
  m_LocalScale: {x: 0.5, y: 0.5, z: 1}
  m_Children: []
  m_Father: {fileID: 669816047856257462}
  m_RootOrder: 0
  m_LocalEulerAnglesHint: {x: 0, y: 0, z: 0}
--- !u!212 &2259196298339427729
SpriteRenderer:
  m_ObjectHideFlags: 0
  m_CorrespondingSourceObject: {fileID: 0}
  m_PrefabInstance: {fileID: 0}
  m_PrefabAsset: {fileID: 0}
  m_GameObject: {fileID: 2530403438181489392}
  m_Enabled: 1
  m_CastShadows: 0
  m_ReceiveShadows: 0
  m_DynamicOccludee: 1
  m_MotionVectors: 1
  m_LightProbeUsage: 1
  m_ReflectionProbeUsage: 1
  m_RenderingLayerMask: 1
  m_RendererPriority: 0
  m_Materials:
  - {fileID: 10754, guid: 0000000000000000f000000000000000, type: 0}
  m_StaticBatchInfo:
    firstSubMesh: 0
    subMeshCount: 0
  m_StaticBatchRoot: {fileID: 0}
  m_ProbeAnchor: {fileID: 0}
  m_LightProbeVolumeOverride: {fileID: 0}
  m_ScaleInLightmap: 1
  m_PreserveUVs: 0
  m_IgnoreNormalsForChartDetection: 0
  m_ImportantGI: 0
  m_StitchLightmapSeams: 1
  m_SelectedEditorRenderState: 0
  m_MinimumChartSize: 4
  m_AutoUVMaxDistance: 0.5
  m_AutoUVMaxAngle: 89
  m_LightmapParameters: {fileID: 0}
  m_SortingLayerID: 0
  m_SortingLayer: 0
  m_SortingOrder: -10
  m_Sprite: {fileID: 21300000, guid: 78bb1623d05174f18a96c9570049495c, type: 3}
  m_Color: {r: 1, g: 1, b: 1, a: 1}
  m_FlipX: 0
  m_FlipY: 0
  m_DrawMode: 0
  m_Size: {x: 5.12, y: 5.12}
  m_AdaptiveModeThreshold: 0.5
  m_SpriteTileMode: 0
  m_WasSpriteAssigned: 1
  m_MaskInteraction: 0
  m_SpriteSortPoint: 0
--- !u!1 &3296119258703584352
GameObject:
  m_ObjectHideFlags: 0
  m_CorrespondingSourceObject: {fileID: 0}
  m_PrefabInstance: {fileID: 0}
  m_PrefabAsset: {fileID: 0}
  serializedVersion: 6
  m_Component:
  - component: {fileID: 5597149763012419040}
  - component: {fileID: 3440344034497461728}
  - component: {fileID: 6071596375101409417}
  m_Layer: 0
  m_Name: ColliderRIghtOuterSoft
  m_TagString: SofaDNACollider
  m_Icon: {fileID: 0}
  m_NavMeshLayer: 0
  m_StaticEditorFlags: 0
  m_IsActive: 1
--- !u!4 &5597149763012419040
Transform:
  m_ObjectHideFlags: 0
  m_CorrespondingSourceObject: {fileID: 0}
  m_PrefabInstance: {fileID: 0}
  m_PrefabAsset: {fileID: 0}
  m_GameObject: {fileID: 3296119258703584352}
  m_LocalRotation: {x: -0, y: -0, z: -0, w: 1}
  m_LocalPosition: {x: -6.7, y: 30.3, z: 119.837715}
  m_LocalScale: {x: -9.5, y: 8, z: 10}
  m_Children: []
  m_Father: {fileID: 3452457410598541549}
  m_RootOrder: 3
  m_LocalEulerAnglesHint: {x: 0, y: 0, z: 0}
--- !u!68 &3440344034497461728
EdgeCollider2D:
  m_ObjectHideFlags: 0
  m_CorrespondingSourceObject: {fileID: 0}
  m_PrefabInstance: {fileID: 0}
  m_PrefabAsset: {fileID: 0}
  m_GameObject: {fileID: 3296119258703584352}
  m_Enabled: 1
  m_Density: 1
  m_Material: {fileID: 0}
  m_IsTrigger: 1
  m_UsedByEffector: 0
  m_UsedByComposite: 0
  m_Offset: {x: 0, y: 0}
  m_EdgeRadius: 0
  m_Points:
  - {x: -1.9941237, y: -3.9338937}
  - {x: -1.9527951, y: -4.441582}
  - {x: -1.7365837, y: -4.8584948}
  - {x: -1.7365837, y: -4.7965956}
  - {x: -1.7490752, y: -4.313361}
  - {x: -1.7198063, y: -3.9288805}
  - {x: -1.6547518, y: -3.3986945}
  - {x: -1.4247038, y: -2.820984}
  - {x: -1.1744914, y: -2.5053627}
  - {x: -0.6676955, y: -2.0412364}
  - {x: -1.1115301, y: -1.670536}
  - {x: -1.473451, y: -1.2113242}
  - {x: -1.6228677, y: -0.8963051}
  - {x: -1.7578268, y: -0.38516402}
  - {x: -1.789839, y: -0.010730743}
  - {x: -1.7523158, y: 0.42779732}
  - {x: -1.6477349, y: 0.818202}
  - {x: -1.465767, y: 1.1970539}
  - {x: -1.1417806, y: 1.6220613}
  - {x: -0.67147243, y: 2.0452175}
  - {x: -1.1656164, y: 2.50839}
  - {x: -1.3605348, y: 2.750061}
  - {x: -1.491563, y: 2.958313}
  - {x: -1.7063526, y: 3.443318}
  - {x: -1.7501827, y: 4.1104946}
  - {x: -1.7316033, y: 4.885153}
--- !u!114 &6071596375101409417
MonoBehaviour:
  m_ObjectHideFlags: 0
  m_CorrespondingSourceObject: {fileID: 0}
  m_PrefabInstance: {fileID: 0}
  m_PrefabAsset: {fileID: 0}
  m_GameObject: {fileID: 3296119258703584352}
  m_Enabled: 1
  m_EditorHideFlags: 0
  m_Script: {fileID: 11500000, guid: 52fcc5a9793404c3da631c2391e5cb67, type: 3}
  m_Name: 
  m_EditorClassIdentifier: 
  hardCollider: 0
--- !u!1 &3647457932987709837
GameObject:
  m_ObjectHideFlags: 0
  m_CorrespondingSourceObject: {fileID: 0}
  m_PrefabInstance: {fileID: 0}
  m_PrefabAsset: {fileID: 0}
  serializedVersion: 6
  m_Component:
  - component: {fileID: 8037172755846320146}
  - component: {fileID: 2776926991639462127}
  - component: {fileID: 8522338349185177865}
  m_Layer: 0
  m_Name: ColliderRightOuterHard
  m_TagString: HardDNACollider
  m_Icon: {fileID: 0}
  m_NavMeshLayer: 0
  m_StaticEditorFlags: 0
  m_IsActive: 1
--- !u!4 &8037172755846320146
Transform:
  m_ObjectHideFlags: 0
  m_CorrespondingSourceObject: {fileID: 0}
  m_PrefabInstance: {fileID: 0}
  m_PrefabAsset: {fileID: 0}
  m_GameObject: {fileID: 3647457932987709837}
  m_LocalRotation: {x: -0, y: -0, z: -0, w: 1}
  m_LocalPosition: {x: -4.2, y: 30.104687, z: 119.837715}
  m_LocalScale: {x: -9.5, y: 8, z: 10}
  m_Children: []
  m_Father: {fileID: 3452457410598541549}
  m_RootOrder: 2
  m_LocalEulerAnglesHint: {x: 0, y: 0, z: 0}
--- !u!68 &2776926991639462127
EdgeCollider2D:
  m_ObjectHideFlags: 0
  m_CorrespondingSourceObject: {fileID: 0}
  m_PrefabInstance: {fileID: 0}
  m_PrefabAsset: {fileID: 0}
  m_GameObject: {fileID: 3647457932987709837}
  m_Enabled: 1
  m_Density: 1
  m_Material: {fileID: 0}
  m_IsTrigger: 1
  m_UsedByEffector: 0
  m_UsedByComposite: 0
  m_Offset: {x: 0, y: 0}
  m_EdgeRadius: 0
  m_Points:
  - {x: -1.9941237, y: -3.9338937}
  - {x: -1.9527951, y: -4.441582}
  - {x: -1.7365837, y: -4.7965956}
  - {x: -1.7490752, y: -4.313361}
  - {x: -1.7418429, y: -3.8546007}
  - {x: -1.6547518, y: -3.3986945}
  - {x: -1.4247038, y: -2.820984}
  - {x: -1.1840479, y: -2.46241}
  - {x: -0.7226784, y: -2.050062}
  - {x: -1.1040186, y: -1.7380569}
  - {x: -1.466304, y: -1.3008447}
  - {x: -1.7934427, y: -0.6602502}
  - {x: -1.8562683, y: -0.31077388}
  - {x: -1.8690319, y: 0.093759544}
  - {x: -1.8051853, y: 0.47916457}
  - {x: -1.7667063, y: 0.7906484}
  - {x: -1.5256664, y: 1.2326188}
  - {x: -1.1781067, y: 1.7125529}
  - {x: -0.80399495, y: 2.0226128}
  - {x: -1.1648458, y: 2.372176}
  - {x: -1.5240668, y: 2.8595803}
  - {x: -1.7457417, y: 3.325298}
  - {x: -1.7872689, y: 3.8895679}
  - {x: -1.7949486, y: 4.839326}
--- !u!114 &8522338349185177865
MonoBehaviour:
  m_ObjectHideFlags: 0
  m_CorrespondingSourceObject: {fileID: 0}
  m_PrefabInstance: {fileID: 0}
  m_PrefabAsset: {fileID: 0}
  m_GameObject: {fileID: 3647457932987709837}
  m_Enabled: 1
  m_EditorHideFlags: 0
  m_Script: {fileID: 11500000, guid: 52fcc5a9793404c3da631c2391e5cb67, type: 3}
  m_Name: 
  m_EditorClassIdentifier: 
  hardCollider: 1
--- !u!1 &3862407249257210699
GameObject:
  m_ObjectHideFlags: 0
  m_CorrespondingSourceObject: {fileID: 0}
  m_PrefabInstance: {fileID: 0}
  m_PrefabAsset: {fileID: 0}
  serializedVersion: 6
  m_Component:
  - component: {fileID: 5791042155239242458}
  - component: {fileID: 833223733190855248}
  - component: {fileID: 2627762123363585988}
  m_Layer: 0
  m_Name: ColliderLeftOuterHard
  m_TagString: HardDNACollider
  m_Icon: {fileID: 0}
  m_NavMeshLayer: 0
  m_StaticEditorFlags: 0
  m_IsActive: 1
--- !u!4 &5791042155239242458
Transform:
  m_ObjectHideFlags: 0
  m_CorrespondingSourceObject: {fileID: 0}
  m_PrefabInstance: {fileID: 0}
  m_PrefabAsset: {fileID: 0}
  m_GameObject: {fileID: 3862407249257210699}
  m_LocalRotation: {x: -0, y: -0, z: -0, w: 1}
  m_LocalPosition: {x: -9.2, y: 30.104687, z: 119.837715}
  m_LocalScale: {x: 9.5, y: 8, z: 10}
  m_Children: []
  m_Father: {fileID: 3452457410598541549}
  m_RootOrder: 0
  m_LocalEulerAnglesHint: {x: 0, y: 0, z: 0}
--- !u!68 &833223733190855248
EdgeCollider2D:
  m_ObjectHideFlags: 0
  m_CorrespondingSourceObject: {fileID: 0}
  m_PrefabInstance: {fileID: 0}
  m_PrefabAsset: {fileID: 0}
  m_GameObject: {fileID: 3862407249257210699}
  m_Enabled: 1
  m_Density: 1
  m_Material: {fileID: 0}
  m_IsTrigger: 1
  m_UsedByEffector: 0
  m_UsedByComposite: 0
  m_Offset: {x: 0, y: 0}
  m_EdgeRadius: 0
  m_Points:
  - {x: -1.9941237, y: -3.9338937}
  - {x: -1.9527951, y: -4.441582}
  - {x: -1.7365837, y: -4.7965956}
  - {x: -1.7490752, y: -4.313361}
  - {x: -1.7418429, y: -3.8546007}
  - {x: -1.6547518, y: -3.3986945}
  - {x: -1.4247038, y: -2.820984}
  - {x: -1.1840479, y: -2.46241}
  - {x: -0.7226784, y: -2.050062}
  - {x: -1.1040186, y: -1.7380569}
  - {x: -1.466304, y: -1.3008447}
  - {x: -1.7934427, y: -0.6602502}
  - {x: -1.8562683, y: -0.31077388}
  - {x: -1.8690319, y: 0.093759544}
  - {x: -1.8051853, y: 0.47916457}
  - {x: -1.7667063, y: 0.7906484}
  - {x: -1.5256664, y: 1.2326188}
  - {x: -1.1781067, y: 1.7125529}
  - {x: -0.80399495, y: 2.0226128}
  - {x: -1.1648458, y: 2.372176}
  - {x: -1.5240668, y: 2.8595803}
  - {x: -1.7457417, y: 3.325298}
  - {x: -1.7872689, y: 3.8895679}
  - {x: -1.7949486, y: 4.839326}
--- !u!114 &2627762123363585988
MonoBehaviour:
  m_ObjectHideFlags: 0
  m_CorrespondingSourceObject: {fileID: 0}
  m_PrefabInstance: {fileID: 0}
  m_PrefabAsset: {fileID: 0}
  m_GameObject: {fileID: 3862407249257210699}
  m_Enabled: 1
  m_EditorHideFlags: 0
  m_Script: {fileID: 11500000, guid: 52fcc5a9793404c3da631c2391e5cb67, type: 3}
  m_Name: 
  m_EditorClassIdentifier: 
  hardCollider: 1
--- !u!1 &4200092179597112337
GameObject:
  m_ObjectHideFlags: 0
  m_CorrespondingSourceObject: {fileID: 0}
  m_PrefabInstance: {fileID: 0}
  m_PrefabAsset: {fileID: 0}
  serializedVersion: 6
  m_Component:
  - component: {fileID: 2204969293450451880}
  - component: {fileID: 2884293161361559332}
  - component: {fileID: 5031405916680355862}
  m_Layer: 0
  m_Name: ScoreGate
  m_TagString: Untagged
  m_Icon: {fileID: 0}
  m_NavMeshLayer: 0
  m_StaticEditorFlags: 0
  m_IsActive: 1
--- !u!4 &2204969293450451880
Transform:
  m_ObjectHideFlags: 0
  m_CorrespondingSourceObject: {fileID: 0}
  m_PrefabInstance: {fileID: 0}
  m_PrefabAsset: {fileID: 0}
  m_GameObject: {fileID: 4200092179597112337}
  m_LocalRotation: {x: -0, y: -0, z: -0, w: 1}
  m_LocalPosition: {x: 0, y: -2.03, z: 0}
  m_LocalScale: {x: 0.1, y: 0.1, z: 0.1}
  m_Children:
  - {fileID: 8005899787217991192}
  - {fileID: 8929777589112604478}
  m_Father: {fileID: 669816047856257462}
  m_RootOrder: 3
  m_LocalEulerAnglesHint: {x: 0, y: 0, z: 0}
--- !u!68 &2884293161361559332
EdgeCollider2D:
  m_ObjectHideFlags: 0
  m_CorrespondingSourceObject: {fileID: 0}
  m_PrefabInstance: {fileID: 0}
  m_PrefabAsset: {fileID: 0}
  m_GameObject: {fileID: 4200092179597112337}
  m_Enabled: 1
  m_Density: 1
  m_Material: {fileID: 0}
  m_IsTrigger: 1
  m_UsedByEffector: 0
  m_UsedByComposite: 0
  m_Offset: {x: 0, y: 0}
  m_EdgeRadius: 0
  m_Points:
  - {x: -20.604881, y: -18.207302}
  - {x: 20.905132, y: -17.718163}
--- !u!114 &5031405916680355862
MonoBehaviour:
  m_ObjectHideFlags: 0
  m_CorrespondingSourceObject: {fileID: 0}
  m_PrefabInstance: {fileID: 0}
  m_PrefabAsset: {fileID: 0}
  m_GameObject: {fileID: 4200092179597112337}
  m_Enabled: 1
  m_EditorHideFlags: 0
  m_Script: {fileID: 11500000, guid: ef434e0344cb54c0d802934335a2825c, type: 3}
  m_Name: 
  m_EditorClassIdentifier: 
--- !u!1 &4264371511403030667
GameObject:
  m_ObjectHideFlags: 0
  m_CorrespondingSourceObject: {fileID: 0}
  m_PrefabInstance: {fileID: 0}
  m_PrefabAsset: {fileID: 0}
  serializedVersion: 6
  m_Component:
  - component: {fileID: 5991557277549977769}
  - component: {fileID: 2313221647838576429}
  m_Layer: 0
  m_Name: background
  m_TagString: Untagged
  m_Icon: {fileID: 0}
  m_NavMeshLayer: 0
  m_StaticEditorFlags: 0
  m_IsActive: 1
--- !u!4 &5991557277549977769
Transform:
  m_ObjectHideFlags: 0
  m_CorrespondingSourceObject: {fileID: 0}
  m_PrefabInstance: {fileID: 0}
  m_PrefabAsset: {fileID: 0}
  m_GameObject: {fileID: 4264371511403030667}
  m_LocalRotation: {x: 0, y: 0, z: 0, w: 1}
  m_LocalPosition: {x: 0, y: 0, z: 0}
  m_LocalScale: {x: 1, y: 1, z: 1}
  m_Children: []
  m_Father: {fileID: 669816047856257462}
  m_RootOrder: 4
  m_LocalEulerAnglesHint: {x: 0, y: 0, z: 0}
--- !u!212 &2313221647838576429
SpriteRenderer:
  m_ObjectHideFlags: 0
  m_CorrespondingSourceObject: {fileID: 0}
  m_PrefabInstance: {fileID: 0}
  m_PrefabAsset: {fileID: 0}
  m_GameObject: {fileID: 4264371511403030667}
  m_Enabled: 1
  m_CastShadows: 0
  m_ReceiveShadows: 0
  m_DynamicOccludee: 1
  m_MotionVectors: 1
  m_LightProbeUsage: 1
  m_ReflectionProbeUsage: 1
  m_RenderingLayerMask: 1
  m_RendererPriority: 0
  m_Materials:
  - {fileID: 10754, guid: 0000000000000000f000000000000000, type: 0}
  m_StaticBatchInfo:
    firstSubMesh: 0
    subMeshCount: 0
  m_StaticBatchRoot: {fileID: 0}
  m_ProbeAnchor: {fileID: 0}
  m_LightProbeVolumeOverride: {fileID: 0}
  m_ScaleInLightmap: 1
  m_PreserveUVs: 0
  m_IgnoreNormalsForChartDetection: 0
  m_ImportantGI: 0
  m_StitchLightmapSeams: 1
  m_SelectedEditorRenderState: 0
  m_MinimumChartSize: 4
  m_AutoUVMaxDistance: 0.5
  m_AutoUVMaxAngle: 89
  m_LightmapParameters: {fileID: 0}
  m_SortingLayerID: 0
  m_SortingLayer: 0
  m_SortingOrder: -11
  m_Sprite: {fileID: 21300000, guid: fc8c5e651f006496084434b0fbd3eb28, type: 3}
  m_Color: {r: 0, g: 0.047058824, b: 0.4, a: 1}
  m_FlipX: 0
  m_FlipY: 0
  m_DrawMode: 0
  m_Size: {x: 5.12, y: 5.12}
  m_AdaptiveModeThreshold: 0.5
  m_SpriteTileMode: 0
  m_WasSpriteAssigned: 1
  m_MaskInteraction: 0
  m_SpriteSortPoint: 0
--- !u!1 &4383897522311728503
GameObject:
  m_ObjectHideFlags: 0
  m_CorrespondingSourceObject: {fileID: 0}
  m_PrefabInstance: {fileID: 0}
  m_PrefabAsset: {fileID: 0}
  serializedVersion: 6
  m_Component:
  - component: {fileID: 6266823166482746043}
  - component: {fileID: 1001949302468798443}
  - component: {fileID: 1668247268152033024}
  m_Layer: 0
  m_Name: WallLeftBottomInnerSoft (1)
  m_TagString: Wall
  m_Icon: {fileID: 0}
  m_NavMeshLayer: 0
  m_StaticEditorFlags: 0
  m_IsActive: 1
--- !u!4 &6266823166482746043
Transform:
  m_ObjectHideFlags: 0
  m_CorrespondingSourceObject: {fileID: 0}
  m_PrefabInstance: {fileID: 0}
  m_PrefabAsset: {fileID: 0}
  m_GameObject: {fileID: 4383897522311728503}
  m_LocalRotation: {x: -0, y: -0, z: -0, w: 1}
  m_LocalPosition: {x: -3.5, y: 35.2, z: 119.837715}
  m_LocalScale: {x: 11, y: -11, z: 10}
  m_Children: []
  m_Father: {fileID: 2586099104363641855}
  m_RootOrder: 1
  m_LocalEulerAnglesHint: {x: 0, y: 0, z: 0}
--- !u!68 &1001949302468798443
EdgeCollider2D:
  m_ObjectHideFlags: 0
  m_CorrespondingSourceObject: {fileID: 0}
  m_PrefabInstance: {fileID: 0}
  m_PrefabAsset: {fileID: 0}
  m_GameObject: {fileID: 4383897522311728503}
  m_Enabled: 1
  m_Density: 1
  m_Material: {fileID: 0}
  m_IsTrigger: 0
  m_UsedByEffector: 0
  m_UsedByComposite: 0
  m_Offset: {x: 0, y: 0}
  m_EdgeRadius: 0
  m_Points:
  - {x: -0.9295846, y: 4.078974}
  - {x: -0.91002804, y: 4.0887513}
  - {x: -1.1033205, y: 4.166999}
  - {x: -1.1809881, y: 4.210807}
  - {x: -1.1945051, y: 3.768623}
  - {x: -1.2004912, y: 3.5347354}
  - {x: -1.172868, y: 3.2899113}
  - {x: -1.1148759, y: 3.0984988}
  - {x: -1.0110562, y: 2.906758}
  - {x: -0.6874334, y: 2.5635896}
  - {x: -0.29516608, y: 2.306413}
--- !u!114 &1668247268152033024
MonoBehaviour:
  m_ObjectHideFlags: 0
  m_CorrespondingSourceObject: {fileID: 0}
  m_PrefabInstance: {fileID: 0}
  m_PrefabAsset: {fileID: 0}
  m_GameObject: {fileID: 4383897522311728503}
  m_Enabled: 1
  m_EditorHideFlags: 0
  m_Script: {fileID: 11500000, guid: 52fcc5a9793404c3da631c2391e5cb67, type: 3}
  m_Name: 
  m_EditorClassIdentifier: 
  hardCollider: 0
--- !u!1 &5106525793227356838
GameObject:
  m_ObjectHideFlags: 0
  m_CorrespondingSourceObject: {fileID: 0}
  m_PrefabInstance: {fileID: 0}
  m_PrefabAsset: {fileID: 0}
  serializedVersion: 6
  m_Component:
  - component: {fileID: 1537221677590090037}
  - component: {fileID: 1661920714612192987}
  m_Layer: 0
  m_Name: DNASprite (2)
  m_TagString: Untagged
  m_Icon: {fileID: 0}
  m_NavMeshLayer: 0
  m_StaticEditorFlags: 0
  m_IsActive: 0
--- !u!4 &1537221677590090037
Transform:
  m_ObjectHideFlags: 0
  m_CorrespondingSourceObject: {fileID: 0}
  m_PrefabInstance: {fileID: 0}
  m_PrefabAsset: {fileID: 0}
  m_GameObject: {fileID: 5106525793227356838}
  m_LocalRotation: {x: 0, y: 0, z: 0, w: 1}
  m_LocalPosition: {x: -0, y: 0, z: 0}
  m_LocalScale: {x: 2.12, y: 2.12, z: 1}
  m_Children: []
  m_Father: {fileID: 669816047856257462}
  m_RootOrder: 1
  m_LocalEulerAnglesHint: {x: 0, y: 0, z: 0}
--- !u!212 &1661920714612192987
SpriteRenderer:
  m_ObjectHideFlags: 0
  m_CorrespondingSourceObject: {fileID: 0}
  m_PrefabInstance: {fileID: 0}
  m_PrefabAsset: {fileID: 0}
  m_GameObject: {fileID: 5106525793227356838}
  m_Enabled: 1
  m_CastShadows: 0
  m_ReceiveShadows: 0
  m_DynamicOccludee: 1
  m_MotionVectors: 1
  m_LightProbeUsage: 1
  m_ReflectionProbeUsage: 1
  m_RenderingLayerMask: 1
  m_RendererPriority: 0
  m_Materials:
  - {fileID: 10754, guid: 0000000000000000f000000000000000, type: 0}
  m_StaticBatchInfo:
    firstSubMesh: 0
    subMeshCount: 0
  m_StaticBatchRoot: {fileID: 0}
  m_ProbeAnchor: {fileID: 0}
  m_LightProbeVolumeOverride: {fileID: 0}
  m_ScaleInLightmap: 1
  m_PreserveUVs: 0
  m_IgnoreNormalsForChartDetection: 0
  m_ImportantGI: 0
  m_StitchLightmapSeams: 1
  m_SelectedEditorRenderState: 0
  m_MinimumChartSize: 4
  m_AutoUVMaxDistance: 0.5
  m_AutoUVMaxAngle: 89
  m_LightmapParameters: {fileID: 0}
  m_SortingLayerID: 0
  m_SortingLayer: 0
  m_SortingOrder: -10
  m_Sprite: {fileID: 21300000, guid: 4ad746d19415945de955caf4e8385b73, type: 3}
  m_Color: {r: 1, g: 1, b: 1, a: 1}
  m_FlipX: 0
  m_FlipY: 0
  m_DrawMode: 0
  m_Size: {x: 5.12, y: 5.12}
  m_AdaptiveModeThreshold: 0.5
  m_SpriteTileMode: 0
  m_WasSpriteAssigned: 1
  m_MaskInteraction: 0
  m_SpriteSortPoint: 0
--- !u!1 &5426465476761074572
GameObject:
  m_ObjectHideFlags: 0
  m_CorrespondingSourceObject: {fileID: 0}
  m_PrefabInstance: {fileID: 0}
  m_PrefabAsset: {fileID: 0}
  serializedVersion: 6
  m_Component:
  - component: {fileID: 4279343655983751212}
  - component: {fileID: 7505245513984095316}
  m_Layer: 0
  m_Name: DNASprite (1)
  m_TagString: Untagged
  m_Icon: {fileID: 0}
  m_NavMeshLayer: 0
  m_StaticEditorFlags: 0
  m_IsActive: 0
--- !u!4 &4279343655983751212
Transform:
  m_ObjectHideFlags: 0
  m_CorrespondingSourceObject: {fileID: 0}
  m_PrefabInstance: {fileID: 0}
  m_PrefabAsset: {fileID: 0}
  m_GameObject: {fileID: 5426465476761074572}
  m_LocalRotation: {x: 0, y: 0, z: 0, w: 1}
  m_LocalPosition: {x: 0, y: 0, z: 0}
  m_LocalScale: {x: 0.45, y: 0.45, z: 1}
  m_Children: []
  m_Father: {fileID: 669816047856257462}
  m_RootOrder: 2
  m_LocalEulerAnglesHint: {x: 0, y: 0, z: 0}
--- !u!212 &7505245513984095316
SpriteRenderer:
  m_ObjectHideFlags: 0
  m_CorrespondingSourceObject: {fileID: 0}
  m_PrefabInstance: {fileID: 0}
  m_PrefabAsset: {fileID: 0}
  m_GameObject: {fileID: 5426465476761074572}
  m_Enabled: 1
  m_CastShadows: 0
  m_ReceiveShadows: 0
  m_DynamicOccludee: 1
  m_MotionVectors: 1
  m_LightProbeUsage: 1
  m_ReflectionProbeUsage: 1
  m_RenderingLayerMask: 1
  m_RendererPriority: 0
  m_Materials:
  - {fileID: 10754, guid: 0000000000000000f000000000000000, type: 0}
  m_StaticBatchInfo:
    firstSubMesh: 0
    subMeshCount: 0
  m_StaticBatchRoot: {fileID: 0}
  m_ProbeAnchor: {fileID: 0}
  m_LightProbeVolumeOverride: {fileID: 0}
  m_ScaleInLightmap: 1
  m_PreserveUVs: 0
  m_IgnoreNormalsForChartDetection: 0
  m_ImportantGI: 0
  m_StitchLightmapSeams: 1
  m_SelectedEditorRenderState: 0
  m_MinimumChartSize: 4
  m_AutoUVMaxDistance: 0.5
  m_AutoUVMaxAngle: 89
  m_LightmapParameters: {fileID: 0}
  m_SortingLayerID: 0
  m_SortingLayer: 0
  m_SortingOrder: -10
  m_Sprite: {fileID: 21300000, guid: a104313d06f324eb78ee2c3ada1286b0, type: 3}
  m_Color: {r: 1, g: 1, b: 1, a: 1}
  m_FlipX: 0
  m_FlipY: 0
  m_DrawMode: 0
  m_Size: {x: 5.12, y: 5.12}
  m_AdaptiveModeThreshold: 0.5
  m_SpriteTileMode: 0
  m_WasSpriteAssigned: 1
  m_MaskInteraction: 0
  m_SpriteSortPoint: 0
--- !u!1 &5510708544627933870
GameObject:
  m_ObjectHideFlags: 0
  m_CorrespondingSourceObject: {fileID: 0}
  m_PrefabInstance: {fileID: 0}
  m_PrefabAsset: {fileID: 0}
  serializedVersion: 6
  m_Component:
  - component: {fileID: 2586099104363641855}
  m_Layer: 0
  m_Name: Walls
  m_TagString: Untagged
  m_Icon: {fileID: 0}
  m_NavMeshLayer: 0
  m_StaticEditorFlags: 0
  m_IsActive: 1
--- !u!4 &2586099104363641855
Transform:
  m_ObjectHideFlags: 0
  m_CorrespondingSourceObject: {fileID: 0}
  m_PrefabInstance: {fileID: 0}
  m_PrefabAsset: {fileID: 0}
  m_GameObject: {fileID: 5510708544627933870}
  m_LocalRotation: {x: -0, y: -0, z: -0, w: 1}
  m_LocalPosition: {x: 0.6519918, y: -3.0104687, z: -11.983771}
  m_LocalScale: {x: 0.1, y: 0.1, z: 0.1}
  m_Children:
  - {fileID: 8502014867681101689}
  - {fileID: 6266823166482746043}
  - {fileID: 2835820897563930057}
  - {fileID: 5724580531455920549}
  m_Father: {fileID: 669816047856257462}
  m_RootOrder: 7
  m_LocalEulerAnglesHint: {x: 0, y: 0, z: 0}
--- !u!1 &5709599923525273905
GameObject:
  m_ObjectHideFlags: 0
  m_CorrespondingSourceObject: {fileID: 0}
  m_PrefabInstance: {fileID: 0}
  m_PrefabAsset: {fileID: 0}
  serializedVersion: 6
  m_Component:
  - component: {fileID: 8929777589112604478}
  m_Layer: 0
  m_Name: SpawnP1
  m_TagString: SpawnP1
  m_Icon: {fileID: 0}
  m_NavMeshLayer: 0
  m_StaticEditorFlags: 0
  m_IsActive: 1
--- !u!4 &8929777589112604478
Transform:
  m_ObjectHideFlags: 0
  m_CorrespondingSourceObject: {fileID: 0}
  m_PrefabInstance: {fileID: 0}
  m_PrefabAsset: {fileID: 0}
  m_GameObject: {fileID: 5709599923525273905}
  m_LocalRotation: {x: 0, y: 0, z: 0, w: 1}
  m_LocalPosition: {x: -14.2, y: -14.5, z: 0}
  m_LocalScale: {x: 1, y: 1, z: 1}
  m_Children: []
  m_Father: {fileID: 2204969293450451880}
  m_RootOrder: 1
  m_LocalEulerAnglesHint: {x: 0, y: 0, z: 0}
--- !u!1 &6928617475554065748
GameObject:
  m_ObjectHideFlags: 0
  m_CorrespondingSourceObject: {fileID: 0}
  m_PrefabInstance: {fileID: 0}
  m_PrefabAsset: {fileID: 0}
  serializedVersion: 6
  m_Component:
  - component: {fileID: 6114123025842190806}
  - component: {fileID: 2848318730664433522}
  - component: {fileID: 9064360409171236642}
  m_Layer: 0
  m_Name: ColliderRightBottomInnerHard
  m_TagString: HardDNACollider
  m_Icon: {fileID: 0}
  m_NavMeshLayer: 0
  m_StaticEditorFlags: 0
  m_IsActive: 1
--- !u!4 &6114123025842190806
Transform:
  m_ObjectHideFlags: 0
  m_CorrespondingSourceObject: {fileID: 0}
  m_PrefabInstance: {fileID: 0}
  m_PrefabAsset: {fileID: 0}
  m_GameObject: {fileID: 6928617475554065748}
  m_LocalRotation: {x: -0, y: -0, z: -0, w: 1}
  m_LocalPosition: {x: -9.5, y: 30.1, z: 119.837715}
  m_LocalScale: {x: -10, y: -10, z: 10}
  m_Children: []
  m_Father: {fileID: 3452457410598541549}
  m_RootOrder: 4
  m_LocalEulerAnglesHint: {x: 0, y: 0, z: 0}
--- !u!68 &2848318730664433522
EdgeCollider2D:
  m_ObjectHideFlags: 0
  m_CorrespondingSourceObject: {fileID: 0}
  m_PrefabInstance: {fileID: 0}
  m_PrefabAsset: {fileID: 0}
  m_GameObject: {fileID: 6928617475554065748}
  m_Enabled: 1
  m_Density: 1
  m_Material: {fileID: 0}
  m_IsTrigger: 1
  m_UsedByEffector: 0
  m_UsedByComposite: 0
  m_Offset: {x: 0, y: 0}
  m_EdgeRadius: 0
  m_Points:
  - {x: -0.9295846, y: 4.078974}
  - {x: -0.91002804, y: 4.0887513}
  - {x: -1.1033205, y: 4.166999}
  - {x: -1.1534611, y: 4.2226048}
  - {x: -1.1591135, y: 3.721434}
  - {x: -1.1455077, y: 3.3016374}
  - {x: -1.0110562, y: 2.906758}
  - {x: -0.6874334, y: 2.5635896}
  - {x: 0.8163349, y: 1.5253578}
  - {x: -0.29516608, y: 2.306413}
--- !u!114 &9064360409171236642
MonoBehaviour:
  m_ObjectHideFlags: 0
  m_CorrespondingSourceObject: {fileID: 0}
  m_PrefabInstance: {fileID: 0}
  m_PrefabAsset: {fileID: 0}
  m_GameObject: {fileID: 6928617475554065748}
  m_Enabled: 1
  m_EditorHideFlags: 0
  m_Script: {fileID: 11500000, guid: 52fcc5a9793404c3da631c2391e5cb67, type: 3}
  m_Name: 
  m_EditorClassIdentifier: 
  hardCollider: 1
--- !u!1 &7681224806104228986
GameObject:
  m_ObjectHideFlags: 0
  m_CorrespondingSourceObject: {fileID: 0}
  m_PrefabInstance: {fileID: 0}
  m_PrefabAsset: {fileID: 0}
  serializedVersion: 6
  m_Component:
  - component: {fileID: 906097257629325958}
  m_Layer: 0
  m_Name: Virus
  m_TagString: Untagged
  m_Icon: {fileID: 0}
  m_NavMeshLayer: 0
  m_StaticEditorFlags: 0
  m_IsActive: 1
--- !u!4 &906097257629325958
Transform:
  m_ObjectHideFlags: 0
  m_CorrespondingSourceObject: {fileID: 0}
  m_PrefabInstance: {fileID: 0}
  m_PrefabAsset: {fileID: 0}
  m_GameObject: {fileID: 7681224806104228986}
  m_LocalRotation: {x: -0, y: -0, z: -0, w: 1}
  m_LocalPosition: {x: 3.5587337, y: 1.2105211, z: 0}
  m_LocalScale: {x: 0.1, y: 0.1, z: 0.1}
  m_Children:
  - {fileID: 1554069493699845482}
  m_Father: {fileID: 669816047856257462}
  m_RootOrder: 8
  m_LocalEulerAnglesHint: {x: 0, y: 0, z: 0}
--- !u!1 &7688544678394005010
GameObject:
  m_ObjectHideFlags: 0
  m_CorrespondingSourceObject: {fileID: 0}
  m_PrefabInstance: {fileID: 0}
  m_PrefabAsset: {fileID: 0}
  serializedVersion: 6
  m_Component:
  - component: {fileID: 5724580531455920549}
  - component: {fileID: 4240477907754934511}
  - component: {fileID: 7526177943137728380}
  m_Layer: 0
  m_Name: WallRIghtOuterSoft (1)
  m_TagString: Wall
  m_Icon: {fileID: 0}
  m_NavMeshLayer: 0
  m_StaticEditorFlags: 0
  m_IsActive: 1
--- !u!4 &5724580531455920549
Transform:
  m_ObjectHideFlags: 0
  m_CorrespondingSourceObject: {fileID: 0}
  m_PrefabInstance: {fileID: 0}
  m_PrefabAsset: {fileID: 0}
  m_GameObject: {fileID: 7688544678394005010}
  m_LocalRotation: {x: -0, y: -0, z: -0, w: 1}
  m_LocalPosition: {x: -6.7000003, y: 30.3, z: 119.837715}
  m_LocalScale: {x: -9.5, y: 8, z: 10}
  m_Children: []
  m_Father: {fileID: 2586099104363641855}
  m_RootOrder: 3
  m_LocalEulerAnglesHint: {x: 0, y: 0, z: 0}
--- !u!68 &4240477907754934511
EdgeCollider2D:
  m_ObjectHideFlags: 0
  m_CorrespondingSourceObject: {fileID: 0}
  m_PrefabInstance: {fileID: 0}
  m_PrefabAsset: {fileID: 0}
  m_GameObject: {fileID: 7688544678394005010}
  m_Enabled: 1
  m_Density: 1
  m_Material: {fileID: 0}
  m_IsTrigger: 0
  m_UsedByEffector: 0
  m_UsedByComposite: 0
  m_Offset: {x: 0, y: 0}
  m_EdgeRadius: 0
  m_Points:
  - {x: -1.9941237, y: -3.9338937}
  - {x: -1.9527951, y: -4.441582}
  - {x: -1.7365837, y: -4.8584948}
  - {x: -1.7365837, y: -4.7965956}
  - {x: -1.7490752, y: -4.313361}
  - {x: -1.7198063, y: -3.9288805}
  - {x: -1.6547518, y: -3.3986945}
  - {x: -1.4247038, y: -2.820984}
  - {x: -1.1744914, y: -2.5053627}
  - {x: -0.6676955, y: -2.0412364}
  - {x: -1.1115301, y: -1.670536}
  - {x: -1.473451, y: -1.2113242}
  - {x: -1.6228677, y: -0.8963051}
  - {x: -1.7578268, y: -0.38516402}
  - {x: -1.789839, y: -0.010730743}
  - {x: -1.7523158, y: 0.42779732}
  - {x: -1.6477349, y: 0.818202}
  - {x: -1.465767, y: 1.1970539}
  - {x: -1.1417806, y: 1.6220613}
  - {x: -0.67147243, y: 2.0452175}
  - {x: -1.1656164, y: 2.50839}
  - {x: -1.3605348, y: 2.750061}
  - {x: -1.491563, y: 2.958313}
  - {x: -1.7063526, y: 3.443318}
  - {x: -1.7501827, y: 4.1104946}
  - {x: -1.7316033, y: 4.885153}
--- !u!114 &7526177943137728380
MonoBehaviour:
  m_ObjectHideFlags: 0
  m_CorrespondingSourceObject: {fileID: 0}
  m_PrefabInstance: {fileID: 0}
  m_PrefabAsset: {fileID: 0}
  m_GameObject: {fileID: 7688544678394005010}
  m_Enabled: 1
  m_EditorHideFlags: 0
  m_Script: {fileID: 11500000, guid: 52fcc5a9793404c3da631c2391e5cb67, type: 3}
  m_Name: 
  m_EditorClassIdentifier: 
  hardCollider: 0
--- !u!1 &7700778136191335945
GameObject:
  m_ObjectHideFlags: 0
  m_CorrespondingSourceObject: {fileID: 0}
  m_PrefabInstance: {fileID: 0}
  m_PrefabAsset: {fileID: 0}
  serializedVersion: 6
  m_Component:
  - component: {fileID: 5398966292774564212}
  - component: {fileID: 2064003237102342825}
  - component: {fileID: 2244466966789773649}
  m_Layer: 0
  m_Name: ColliderRightBottomInnerSoft
  m_TagString: SofaDNACollider
  m_Icon: {fileID: 0}
  m_NavMeshLayer: 0
  m_StaticEditorFlags: 0
  m_IsActive: 1
--- !u!4 &5398966292774564212
Transform:
  m_ObjectHideFlags: 0
  m_CorrespondingSourceObject: {fileID: 0}
  m_PrefabInstance: {fileID: 0}
  m_PrefabAsset: {fileID: 0}
  m_GameObject: {fileID: 7700778136191335945}
  m_LocalRotation: {x: -0, y: -0, z: -0, w: 1}
  m_LocalPosition: {x: -9.2, y: 35.1, z: 119.837715}
  m_LocalScale: {x: -11, y: -11, z: 10}
  m_Children: []
  m_Father: {fileID: 3452457410598541549}
  m_RootOrder: 5
  m_LocalEulerAnglesHint: {x: 0, y: 0, z: 0}
--- !u!68 &2064003237102342825
EdgeCollider2D:
  m_ObjectHideFlags: 0
  m_CorrespondingSourceObject: {fileID: 0}
  m_PrefabInstance: {fileID: 0}
  m_PrefabAsset: {fileID: 0}
  m_GameObject: {fileID: 7700778136191335945}
  m_Enabled: 1
  m_Density: 1
  m_Material: {fileID: 0}
  m_IsTrigger: 1
  m_UsedByEffector: 0
  m_UsedByComposite: 0
  m_Offset: {x: 0, y: 0}
  m_EdgeRadius: 0
  m_Points:
  - {x: -0.9295846, y: 4.078974}
  - {x: -0.91002804, y: 4.0887513}
  - {x: -1.1033205, y: 4.166999}
  - {x: -1.1534611, y: 4.2226048}
  - {x: -1.1787755, y: 3.7135687}
  - {x: -1.1900023, y: 3.5392606}
  - {x: -1.1730349, y: 3.309502}
  - {x: -1.1121718, y: 3.085689}
  - {x: -1.0110562, y: 2.906758}
  - {x: -0.8742902, y: 2.736574}
  - {x: -0.6874334, y: 2.5635896}
  - {x: 0.48575485, y: 1.8212955}
  - {x: -0.29516608, y: 2.306413}
--- !u!114 &2244466966789773649
MonoBehaviour:
  m_ObjectHideFlags: 0
  m_CorrespondingSourceObject: {fileID: 0}
  m_PrefabInstance: {fileID: 0}
  m_PrefabAsset: {fileID: 0}
  m_GameObject: {fileID: 7700778136191335945}
  m_Enabled: 1
  m_EditorHideFlags: 0
  m_Script: {fileID: 11500000, guid: 52fcc5a9793404c3da631c2391e5cb67, type: 3}
  m_Name: 
  m_EditorClassIdentifier: 
  hardCollider: 0
--- !u!1 &8406456482001202890
GameObject:
  m_ObjectHideFlags: 0
  m_CorrespondingSourceObject: {fileID: 0}
  m_PrefabInstance: {fileID: 0}
  m_PrefabAsset: {fileID: 0}
  serializedVersion: 6
  m_Component:
  - component: {fileID: 810790431467148777}
  - component: {fileID: 4588976872831003494}
  - component: {fileID: 887269460649424737}
  m_Layer: 0
  m_Name: ColliderLeftOuterSoft
  m_TagString: SofaDNACollider
  m_Icon: {fileID: 0}
  m_NavMeshLayer: 0
  m_StaticEditorFlags: 0
  m_IsActive: 1
--- !u!4 &810790431467148777
Transform:
  m_ObjectHideFlags: 0
  m_CorrespondingSourceObject: {fileID: 0}
  m_PrefabInstance: {fileID: 0}
  m_PrefabAsset: {fileID: 0}
  m_GameObject: {fileID: 8406456482001202890}
  m_LocalRotation: {x: -0, y: -0, z: -0, w: 1}
  m_LocalPosition: {x: -6.4, y: 30.3, z: 119.837715}
  m_LocalScale: {x: 9.5, y: 8, z: 10}
  m_Children: []
  m_Father: {fileID: 3452457410598541549}
  m_RootOrder: 1
  m_LocalEulerAnglesHint: {x: 0, y: 0, z: 0}
--- !u!68 &4588976872831003494
EdgeCollider2D:
  m_ObjectHideFlags: 0
  m_CorrespondingSourceObject: {fileID: 0}
  m_PrefabInstance: {fileID: 0}
  m_PrefabAsset: {fileID: 0}
  m_GameObject: {fileID: 8406456482001202890}
  m_Enabled: 1
  m_Density: 1
  m_Material: {fileID: 0}
  m_IsTrigger: 1
  m_UsedByEffector: 0
  m_UsedByComposite: 0
  m_Offset: {x: 0, y: 0}
  m_EdgeRadius: 0
  m_Points:
  - {x: -1.9941237, y: -3.9338937}
  - {x: -1.9527951, y: -4.441582}
  - {x: -1.76992, y: -4.87546}
  - {x: -1.7746824, y: -4.734388}
  - {x: -1.7827889, y: -4.32337}
  - {x: -1.7661622, y: -3.8938498}
  - {x: -1.6547518, y: -3.3986945}
  - {x: -1.366, y: -2.820984}
  - {x: -0.98539424, y: -2.4126127}
  - {x: -0.622787, y: -2.0977023}
  - {x: -1.1115301, y: -1.670536}
  - {x: -1.473451, y: -1.2113242}
  - {x: -1.6228677, y: -0.8963051}
  - {x: -1.7578268, y: -0.38516402}
  - {x: -1.789839, y: -0.010730743}
  - {x: -1.7523158, y: 0.42779732}
  - {x: -1.6477349, y: 0.818202}
  - {x: -1.465767, y: 1.1970539}
  - {x: -1.1417806, y: 1.6220613}
  - {x: -0.67147243, y: 2.0452175}
  - {x: -1.1656164, y: 2.50839}
  - {x: -1.3605348, y: 2.750061}
  - {x: -1.491563, y: 2.958313}
  - {x: -1.7063526, y: 3.443318}
  - {x: -1.7782837, y: 3.9547668}
  - {x: -1.773755, y: 4.7516723}
  - {x: -1.7800105, y: 4.9033065}
--- !u!114 &887269460649424737
MonoBehaviour:
  m_ObjectHideFlags: 0
  m_CorrespondingSourceObject: {fileID: 0}
  m_PrefabInstance: {fileID: 0}
  m_PrefabAsset: {fileID: 0}
  m_GameObject: {fileID: 8406456482001202890}
  m_Enabled: 1
  m_EditorHideFlags: 0
  m_Script: {fileID: 11500000, guid: 52fcc5a9793404c3da631c2391e5cb67, type: 3}
  m_Name: 
  m_EditorClassIdentifier: 
  hardCollider: 0
--- !u!1 &8860409453466274713
GameObject:
  m_ObjectHideFlags: 0
  m_CorrespondingSourceObject: {fileID: 0}
  m_PrefabInstance: {fileID: 0}
  m_PrefabAsset: {fileID: 0}
  serializedVersion: 6
  m_Component:
  - component: {fileID: 8005899787217991192}
  m_Layer: 0
  m_Name: SpawnP0
  m_TagString: SpawnP0
  m_Icon: {fileID: 0}
  m_NavMeshLayer: 0
  m_StaticEditorFlags: 0
  m_IsActive: 1
--- !u!4 &8005899787217991192
Transform:
  m_ObjectHideFlags: 0
  m_CorrespondingSourceObject: {fileID: 0}
  m_PrefabInstance: {fileID: 0}
  m_PrefabAsset: {fileID: 0}
  m_GameObject: {fileID: 8860409453466274713}
  m_LocalRotation: {x: 0, y: 0, z: 0, w: 1}
  m_LocalPosition: {x: 14.2, y: -14.8, z: 0}
  m_LocalScale: {x: 1, y: 1, z: 1}
  m_Children: []
  m_Father: {fileID: 2204969293450451880}
  m_RootOrder: 0
  m_LocalEulerAnglesHint: {x: 0, y: 0, z: 0}
--- !u!1 &9034422902104331753
GameObject:
  m_ObjectHideFlags: 0
  m_CorrespondingSourceObject: {fileID: 0}
  m_PrefabInstance: {fileID: 0}
  m_PrefabAsset: {fileID: 0}
  serializedVersion: 6
  m_Component:
  - component: {fileID: 669816047856257462}
  - component: {fileID: 5640587224366436275}
  m_Layer: 0
  m_Name: 2DNA2021
  m_TagString: Untagged
  m_Icon: {fileID: 0}
  m_NavMeshLayer: 0
  m_StaticEditorFlags: 0
  m_IsActive: 1
--- !u!4 &669816047856257462
Transform:
  m_ObjectHideFlags: 0
  m_CorrespondingSourceObject: {fileID: 0}
  m_PrefabInstance: {fileID: 0}
  m_PrefabAsset: {fileID: 0}
  m_GameObject: {fileID: 9034422902104331753}
  m_LocalRotation: {x: 0, y: 0, z: 0, w: 1}
  m_LocalPosition: {x: 0, y: 0, z: 0}
  m_LocalScale: {x: 10, y: 10, z: 10}
  m_Children:
  - {fileID: 8043792401777479724}
  - {fileID: 1537221677590090037}
  - {fileID: 4279343655983751212}
  - {fileID: 2204969293450451880}
  - {fileID: 5991557277549977769}
  - {fileID: 2203968215326606378}
  - {fileID: 3452457410598541549}
  - {fileID: 2586099104363641855}
  - {fileID: 906097257629325958}
  m_Father: {fileID: 0}
  m_RootOrder: 0
  m_LocalEulerAnglesHint: {x: 0, y: 0, z: 0}
--- !u!114 &5640587224366436275
MonoBehaviour:
  m_ObjectHideFlags: 0
  m_CorrespondingSourceObject: {fileID: 0}
  m_PrefabInstance: {fileID: 0}
  m_PrefabAsset: {fileID: 0}
  m_GameObject: {fileID: 9034422902104331753}
  m_Enabled: 1
  m_EditorHideFlags: 0
  m_Script: {fileID: 11500000, guid: a130be6d3a6534e35a65c49d14cdcc57, type: 3}
  m_Name: 
  m_EditorClassIdentifier: 
  entryType: 0
  exitType: 2
--- !u!1001 &2593882748768609081
PrefabInstance:
  m_ObjectHideFlags: 0
  serializedVersion: 2
  m_Modification:
    m_TransformParent: {fileID: 2203968215326606378}
    m_Modifications:
    - target: {fileID: 2471697562375586861, guid: 05b5ff1e08cb545afb7ad642eee02b05,
        type: 3}
      propertyPath: m_Name
      value: Coin (7)
      objectReference: {fileID: 0}
    - target: {fileID: 2471697562375586863, guid: 05b5ff1e08cb545afb7ad642eee02b05,
        type: 3}
      propertyPath: m_LocalPosition.x
      value: -1.183
      objectReference: {fileID: 0}
    - target: {fileID: 2471697562375586863, guid: 05b5ff1e08cb545afb7ad642eee02b05,
        type: 3}
      propertyPath: m_LocalPosition.y
      value: -0.6
      objectReference: {fileID: 0}
    - target: {fileID: 2471697562375586863, guid: 05b5ff1e08cb545afb7ad642eee02b05,
        type: 3}
      propertyPath: m_LocalPosition.z
      value: 0
      objectReference: {fileID: 0}
    - target: {fileID: 2471697562375586863, guid: 05b5ff1e08cb545afb7ad642eee02b05,
        type: 3}
      propertyPath: m_LocalRotation.x
      value: -0
      objectReference: {fileID: 0}
    - target: {fileID: 2471697562375586863, guid: 05b5ff1e08cb545afb7ad642eee02b05,
        type: 3}
      propertyPath: m_LocalRotation.y
      value: -0
      objectReference: {fileID: 0}
    - target: {fileID: 2471697562375586863, guid: 05b5ff1e08cb545afb7ad642eee02b05,
        type: 3}
      propertyPath: m_LocalRotation.z
      value: -0
      objectReference: {fileID: 0}
    - target: {fileID: 2471697562375586863, guid: 05b5ff1e08cb545afb7ad642eee02b05,
        type: 3}
      propertyPath: m_LocalRotation.w
      value: 1
      objectReference: {fileID: 0}
    - target: {fileID: 2471697562375586863, guid: 05b5ff1e08cb545afb7ad642eee02b05,
        type: 3}
      propertyPath: m_RootOrder
      value: 7
      objectReference: {fileID: 0}
    - target: {fileID: 2471697562375586863, guid: 05b5ff1e08cb545afb7ad642eee02b05,
        type: 3}
      propertyPath: m_LocalEulerAnglesHint.x
      value: 0
      objectReference: {fileID: 0}
    - target: {fileID: 2471697562375586863, guid: 05b5ff1e08cb545afb7ad642eee02b05,
        type: 3}
      propertyPath: m_LocalEulerAnglesHint.y
      value: 0
      objectReference: {fileID: 0}
    - target: {fileID: 2471697562375586863, guid: 05b5ff1e08cb545afb7ad642eee02b05,
        type: 3}
      propertyPath: m_LocalEulerAnglesHint.z
      value: 0
      objectReference: {fileID: 0}
    - target: {fileID: 2471697562375586863, guid: 05b5ff1e08cb545afb7ad642eee02b05,
        type: 3}
      propertyPath: m_LocalScale.x
      value: 0.1
      objectReference: {fileID: 0}
    - target: {fileID: 2471697562375586863, guid: 05b5ff1e08cb545afb7ad642eee02b05,
        type: 3}
      propertyPath: m_LocalScale.y
      value: 0.1
      objectReference: {fileID: 0}
    m_RemovedComponents: []
  m_SourcePrefab: {fileID: 100100000, guid: 05b5ff1e08cb545afb7ad642eee02b05, type: 3}
--- !u!4 &122275913567397654 stripped
Transform:
  m_CorrespondingSourceObject: {fileID: 2471697562375586863, guid: 05b5ff1e08cb545afb7ad642eee02b05,
    type: 3}
  m_PrefabInstance: {fileID: 2593882748768609081}
  m_PrefabAsset: {fileID: 0}
--- !u!1001 &2757244803551551964
PrefabInstance:
  m_ObjectHideFlags: 0
  serializedVersion: 2
  m_Modification:
    m_TransformParent: {fileID: 2203968215326606378}
    m_Modifications:
    - target: {fileID: 2471697562375586861, guid: 05b5ff1e08cb545afb7ad642eee02b05,
        type: 3}
      propertyPath: m_Name
      value: Coin (1)
      objectReference: {fileID: 0}
    - target: {fileID: 2471697562375586863, guid: 05b5ff1e08cb545afb7ad642eee02b05,
        type: 3}
      propertyPath: m_LocalPosition.x
      value: -1.365
      objectReference: {fileID: 0}
    - target: {fileID: 2471697562375586863, guid: 05b5ff1e08cb545afb7ad642eee02b05,
        type: 3}
      propertyPath: m_LocalPosition.y
      value: -0.04
      objectReference: {fileID: 0}
    - target: {fileID: 2471697562375586863, guid: 05b5ff1e08cb545afb7ad642eee02b05,
        type: 3}
      propertyPath: m_LocalPosition.z
      value: 0
      objectReference: {fileID: 0}
    - target: {fileID: 2471697562375586863, guid: 05b5ff1e08cb545afb7ad642eee02b05,
        type: 3}
      propertyPath: m_LocalRotation.x
      value: -0
      objectReference: {fileID: 0}
    - target: {fileID: 2471697562375586863, guid: 05b5ff1e08cb545afb7ad642eee02b05,
        type: 3}
      propertyPath: m_LocalRotation.y
      value: -0
      objectReference: {fileID: 0}
    - target: {fileID: 2471697562375586863, guid: 05b5ff1e08cb545afb7ad642eee02b05,
        type: 3}
      propertyPath: m_LocalRotation.z
      value: -0
      objectReference: {fileID: 0}
    - target: {fileID: 2471697562375586863, guid: 05b5ff1e08cb545afb7ad642eee02b05,
        type: 3}
      propertyPath: m_LocalRotation.w
      value: 1
      objectReference: {fileID: 0}
    - target: {fileID: 2471697562375586863, guid: 05b5ff1e08cb545afb7ad642eee02b05,
        type: 3}
      propertyPath: m_RootOrder
      value: 1
      objectReference: {fileID: 0}
    - target: {fileID: 2471697562375586863, guid: 05b5ff1e08cb545afb7ad642eee02b05,
        type: 3}
      propertyPath: m_LocalEulerAnglesHint.x
      value: 0
      objectReference: {fileID: 0}
    - target: {fileID: 2471697562375586863, guid: 05b5ff1e08cb545afb7ad642eee02b05,
        type: 3}
      propertyPath: m_LocalEulerAnglesHint.y
      value: 0
      objectReference: {fileID: 0}
    - target: {fileID: 2471697562375586863, guid: 05b5ff1e08cb545afb7ad642eee02b05,
        type: 3}
      propertyPath: m_LocalEulerAnglesHint.z
      value: 0
      objectReference: {fileID: 0}
    - target: {fileID: 2471697562375586863, guid: 05b5ff1e08cb545afb7ad642eee02b05,
        type: 3}
      propertyPath: m_LocalScale.x
      value: 0.1
      objectReference: {fileID: 0}
    - target: {fileID: 2471697562375586863, guid: 05b5ff1e08cb545afb7ad642eee02b05,
        type: 3}
      propertyPath: m_LocalScale.y
      value: 0.1
      objectReference: {fileID: 0}
    m_RemovedComponents: []
  m_SourcePrefab: {fileID: 100100000, guid: 05b5ff1e08cb545afb7ad642eee02b05, type: 3}
--- !u!4 &292320954810623475 stripped
Transform:
  m_CorrespondingSourceObject: {fileID: 2471697562375586863, guid: 05b5ff1e08cb545afb7ad642eee02b05,
    type: 3}
  m_PrefabInstance: {fileID: 2757244803551551964}
  m_PrefabAsset: {fileID: 0}
--- !u!1001 &3640039682711950573
PrefabInstance:
  m_ObjectHideFlags: 0
  serializedVersion: 2
  m_Modification:
    m_TransformParent: {fileID: 2203968215326606378}
    m_Modifications:
    - target: {fileID: 2471697562375586861, guid: 05b5ff1e08cb545afb7ad642eee02b05,
        type: 3}
      propertyPath: m_Name
      value: Coin (2)
      objectReference: {fileID: 0}
    - target: {fileID: 2471697562375586863, guid: 05b5ff1e08cb545afb7ad642eee02b05,
        type: 3}
      propertyPath: m_LocalPosition.x
      value: 0.01
      objectReference: {fileID: 0}
    - target: {fileID: 2471697562375586863, guid: 05b5ff1e08cb545afb7ad642eee02b05,
        type: 3}
      propertyPath: m_LocalPosition.y
      value: 1.402
      objectReference: {fileID: 0}
    - target: {fileID: 2471697562375586863, guid: 05b5ff1e08cb545afb7ad642eee02b05,
        type: 3}
      propertyPath: m_LocalPosition.z
      value: 0
      objectReference: {fileID: 0}
    - target: {fileID: 2471697562375586863, guid: 05b5ff1e08cb545afb7ad642eee02b05,
        type: 3}
      propertyPath: m_LocalRotation.x
      value: -0
      objectReference: {fileID: 0}
    - target: {fileID: 2471697562375586863, guid: 05b5ff1e08cb545afb7ad642eee02b05,
        type: 3}
      propertyPath: m_LocalRotation.y
      value: -0
      objectReference: {fileID: 0}
    - target: {fileID: 2471697562375586863, guid: 05b5ff1e08cb545afb7ad642eee02b05,
        type: 3}
      propertyPath: m_LocalRotation.z
      value: -0
      objectReference: {fileID: 0}
    - target: {fileID: 2471697562375586863, guid: 05b5ff1e08cb545afb7ad642eee02b05,
        type: 3}
      propertyPath: m_LocalRotation.w
      value: 1
      objectReference: {fileID: 0}
    - target: {fileID: 2471697562375586863, guid: 05b5ff1e08cb545afb7ad642eee02b05,
        type: 3}
      propertyPath: m_RootOrder
      value: 2
      objectReference: {fileID: 0}
    - target: {fileID: 2471697562375586863, guid: 05b5ff1e08cb545afb7ad642eee02b05,
        type: 3}
      propertyPath: m_LocalEulerAnglesHint.x
      value: 0
      objectReference: {fileID: 0}
    - target: {fileID: 2471697562375586863, guid: 05b5ff1e08cb545afb7ad642eee02b05,
        type: 3}
      propertyPath: m_LocalEulerAnglesHint.y
      value: 0
      objectReference: {fileID: 0}
    - target: {fileID: 2471697562375586863, guid: 05b5ff1e08cb545afb7ad642eee02b05,
        type: 3}
      propertyPath: m_LocalEulerAnglesHint.z
      value: 0
      objectReference: {fileID: 0}
    - target: {fileID: 2471697562375586863, guid: 05b5ff1e08cb545afb7ad642eee02b05,
        type: 3}
      propertyPath: m_LocalScale.x
      value: 0.1
      objectReference: {fileID: 0}
    - target: {fileID: 2471697562375586863, guid: 05b5ff1e08cb545afb7ad642eee02b05,
        type: 3}
      propertyPath: m_LocalScale.y
      value: 0.1
      objectReference: {fileID: 0}
    m_RemovedComponents: []
  m_SourcePrefab: {fileID: 100100000, guid: 05b5ff1e08cb545afb7ad642eee02b05, type: 3}
--- !u!4 &1209567347737071810 stripped
Transform:
  m_CorrespondingSourceObject: {fileID: 2471697562375586863, guid: 05b5ff1e08cb545afb7ad642eee02b05,
    type: 3}
  m_PrefabInstance: {fileID: 3640039682711950573}
  m_PrefabAsset: {fileID: 0}
--- !u!1001 &3772495510101286860
PrefabInstance:
  m_ObjectHideFlags: 0
  serializedVersion: 2
  m_Modification:
    m_TransformParent: {fileID: 2203968215326606378}
    m_Modifications:
    - target: {fileID: 2471697562375586861, guid: 05b5ff1e08cb545afb7ad642eee02b05,
        type: 3}
      propertyPath: m_Name
      value: Coin
      objectReference: {fileID: 0}
    - target: {fileID: 2471697562375586863, guid: 05b5ff1e08cb545afb7ad642eee02b05,
        type: 3}
      propertyPath: m_LocalPosition.x
      value: -1.164
      objectReference: {fileID: 0}
    - target: {fileID: 2471697562375586863, guid: 05b5ff1e08cb545afb7ad642eee02b05,
        type: 3}
      propertyPath: m_LocalPosition.y
      value: 0.53
      objectReference: {fileID: 0}
    - target: {fileID: 2471697562375586863, guid: 05b5ff1e08cb545afb7ad642eee02b05,
        type: 3}
      propertyPath: m_LocalPosition.z
      value: 0
      objectReference: {fileID: 0}
    - target: {fileID: 2471697562375586863, guid: 05b5ff1e08cb545afb7ad642eee02b05,
        type: 3}
      propertyPath: m_LocalRotation.x
      value: -0
      objectReference: {fileID: 0}
    - target: {fileID: 2471697562375586863, guid: 05b5ff1e08cb545afb7ad642eee02b05,
        type: 3}
      propertyPath: m_LocalRotation.y
      value: -0
      objectReference: {fileID: 0}
    - target: {fileID: 2471697562375586863, guid: 05b5ff1e08cb545afb7ad642eee02b05,
        type: 3}
      propertyPath: m_LocalRotation.z
      value: -0
      objectReference: {fileID: 0}
    - target: {fileID: 2471697562375586863, guid: 05b5ff1e08cb545afb7ad642eee02b05,
        type: 3}
      propertyPath: m_LocalRotation.w
      value: 1
      objectReference: {fileID: 0}
    - target: {fileID: 2471697562375586863, guid: 05b5ff1e08cb545afb7ad642eee02b05,
        type: 3}
      propertyPath: m_RootOrder
      value: 0
      objectReference: {fileID: 0}
    - target: {fileID: 2471697562375586863, guid: 05b5ff1e08cb545afb7ad642eee02b05,
        type: 3}
      propertyPath: m_LocalEulerAnglesHint.x
      value: 0
      objectReference: {fileID: 0}
    - target: {fileID: 2471697562375586863, guid: 05b5ff1e08cb545afb7ad642eee02b05,
        type: 3}
      propertyPath: m_LocalEulerAnglesHint.y
      value: 0
      objectReference: {fileID: 0}
    - target: {fileID: 2471697562375586863, guid: 05b5ff1e08cb545afb7ad642eee02b05,
        type: 3}
      propertyPath: m_LocalEulerAnglesHint.z
      value: 0
      objectReference: {fileID: 0}
    - target: {fileID: 2471697562375586863, guid: 05b5ff1e08cb545afb7ad642eee02b05,
        type: 3}
      propertyPath: m_LocalScale.x
      value: 0.1
      objectReference: {fileID: 0}
    - target: {fileID: 2471697562375586863, guid: 05b5ff1e08cb545afb7ad642eee02b05,
        type: 3}
      propertyPath: m_LocalScale.y
      value: 0.1
      objectReference: {fileID: 0}
    m_RemovedComponents: []
  m_SourcePrefab: {fileID: 100100000, guid: 05b5ff1e08cb545afb7ad642eee02b05, type: 3}
--- !u!4 &1591920744421350371 stripped
Transform:
  m_CorrespondingSourceObject: {fileID: 2471697562375586863, guid: 05b5ff1e08cb545afb7ad642eee02b05,
    type: 3}
  m_PrefabInstance: {fileID: 3772495510101286860}
  m_PrefabAsset: {fileID: 0}
--- !u!1001 &4025112159462136133
PrefabInstance:
  m_ObjectHideFlags: 0
  serializedVersion: 2
  m_Modification:
    m_TransformParent: {fileID: 906097257629325958}
    m_Modifications:
    - target: {fileID: 2471697562375586861, guid: 6a2085589b231447cb5de351845e77fc,
        type: 3}
      propertyPath: m_Name
      value: Virus Blue World
      objectReference: {fileID: 0}
    - target: {fileID: 2471697562375586863, guid: 6a2085589b231447cb5de351845e77fc,
        type: 3}
      propertyPath: m_LocalPosition.x
      value: -34.9
      objectReference: {fileID: 0}
    - target: {fileID: 2471697562375586863, guid: 6a2085589b231447cb5de351845e77fc,
        type: 3}
      propertyPath: m_LocalPosition.y
      value: -12.2
      objectReference: {fileID: 0}
    - target: {fileID: 2471697562375586863, guid: 6a2085589b231447cb5de351845e77fc,
        type: 3}
      propertyPath: m_LocalPosition.z
      value: 0
      objectReference: {fileID: 0}
    - target: {fileID: 2471697562375586863, guid: 6a2085589b231447cb5de351845e77fc,
        type: 3}
      propertyPath: m_LocalRotation.x
      value: -0
      objectReference: {fileID: 0}
    - target: {fileID: 2471697562375586863, guid: 6a2085589b231447cb5de351845e77fc,
        type: 3}
      propertyPath: m_LocalRotation.y
      value: -0
      objectReference: {fileID: 0}
    - target: {fileID: 2471697562375586863, guid: 6a2085589b231447cb5de351845e77fc,
        type: 3}
      propertyPath: m_LocalRotation.z
      value: -0
      objectReference: {fileID: 0}
    - target: {fileID: 2471697562375586863, guid: 6a2085589b231447cb5de351845e77fc,
        type: 3}
      propertyPath: m_LocalRotation.w
      value: 1
      objectReference: {fileID: 0}
    - target: {fileID: 2471697562375586863, guid: 6a2085589b231447cb5de351845e77fc,
        type: 3}
      propertyPath: m_RootOrder
      value: 0
      objectReference: {fileID: 0}
    - target: {fileID: 2471697562375586863, guid: 6a2085589b231447cb5de351845e77fc,
        type: 3}
      propertyPath: m_LocalEulerAnglesHint.x
      value: 0
      objectReference: {fileID: 0}
    - target: {fileID: 2471697562375586863, guid: 6a2085589b231447cb5de351845e77fc,
        type: 3}
      propertyPath: m_LocalEulerAnglesHint.y
      value: 0
      objectReference: {fileID: 0}
    - target: {fileID: 2471697562375586863, guid: 6a2085589b231447cb5de351845e77fc,
        type: 3}
      propertyPath: m_LocalEulerAnglesHint.z
      value: 0
      objectReference: {fileID: 0}
    - target: {fileID: 2471697562375586863, guid: 6a2085589b231447cb5de351845e77fc,
        type: 3}
      propertyPath: m_LocalScale.x
      value: 1.5
      objectReference: {fileID: 0}
    - target: {fileID: 2471697562375586863, guid: 6a2085589b231447cb5de351845e77fc,
        type: 3}
      propertyPath: m_LocalScale.y
      value: 1.5
      objectReference: {fileID: 0}
    - target: {fileID: 2111100267115956110, guid: 6a2085589b231447cb5de351845e77fc,
        type: 3}
      propertyPath: m_turnSpeed
      value: 2000
      objectReference: {fileID: 0}
    - target: {fileID: 6831214557604090383, guid: 6a2085589b231447cb5de351845e77fc,
        type: 3}
      propertyPath: m_LocalPosition.x
      value: -5.71
      objectReference: {fileID: 0}
    m_RemovedComponents:
    - {fileID: 3120181633970596998, guid: 6a2085589b231447cb5de351845e77fc, type: 3}
  m_SourcePrefab: {fileID: 100100000, guid: 6a2085589b231447cb5de351845e77fc, type: 3}
--- !u!4 &1554069493699845482 stripped
Transform:
  m_CorrespondingSourceObject: {fileID: 2471697562375586863, guid: 6a2085589b231447cb5de351845e77fc,
    type: 3}
  m_PrefabInstance: {fileID: 4025112159462136133}
  m_PrefabAsset: {fileID: 0}
--- !u!1001 &6987074612760120280
PrefabInstance:
  m_ObjectHideFlags: 0
  serializedVersion: 2
  m_Modification:
    m_TransformParent: {fileID: 2203968215326606378}
    m_Modifications:
    - target: {fileID: 2471697562375586861, guid: 05b5ff1e08cb545afb7ad642eee02b05,
        type: 3}
      propertyPath: m_Name
      value: Coin (4)
      objectReference: {fileID: 0}
    - target: {fileID: 2471697562375586863, guid: 05b5ff1e08cb545afb7ad642eee02b05,
        type: 3}
      propertyPath: m_LocalPosition.x
      value: 1.501
      objectReference: {fileID: 0}
    - target: {fileID: 2471697562375586863, guid: 05b5ff1e08cb545afb7ad642eee02b05,
        type: 3}
      propertyPath: m_LocalPosition.y
      value: -0.04
      objectReference: {fileID: 0}
    - target: {fileID: 2471697562375586863, guid: 05b5ff1e08cb545afb7ad642eee02b05,
        type: 3}
      propertyPath: m_LocalPosition.z
      value: 0
      objectReference: {fileID: 0}
    - target: {fileID: 2471697562375586863, guid: 05b5ff1e08cb545afb7ad642eee02b05,
        type: 3}
      propertyPath: m_LocalRotation.x
      value: -0
      objectReference: {fileID: 0}
    - target: {fileID: 2471697562375586863, guid: 05b5ff1e08cb545afb7ad642eee02b05,
        type: 3}
      propertyPath: m_LocalRotation.y
      value: -0
      objectReference: {fileID: 0}
    - target: {fileID: 2471697562375586863, guid: 05b5ff1e08cb545afb7ad642eee02b05,
        type: 3}
      propertyPath: m_LocalRotation.z
      value: -0
      objectReference: {fileID: 0}
    - target: {fileID: 2471697562375586863, guid: 05b5ff1e08cb545afb7ad642eee02b05,
        type: 3}
      propertyPath: m_LocalRotation.w
      value: 1
      objectReference: {fileID: 0}
    - target: {fileID: 2471697562375586863, guid: 05b5ff1e08cb545afb7ad642eee02b05,
        type: 3}
      propertyPath: m_RootOrder
      value: 4
      objectReference: {fileID: 0}
    - target: {fileID: 2471697562375586863, guid: 05b5ff1e08cb545afb7ad642eee02b05,
        type: 3}
      propertyPath: m_LocalEulerAnglesHint.x
      value: 0
      objectReference: {fileID: 0}
    - target: {fileID: 2471697562375586863, guid: 05b5ff1e08cb545afb7ad642eee02b05,
        type: 3}
      propertyPath: m_LocalEulerAnglesHint.y
      value: 0
      objectReference: {fileID: 0}
    - target: {fileID: 2471697562375586863, guid: 05b5ff1e08cb545afb7ad642eee02b05,
        type: 3}
      propertyPath: m_LocalEulerAnglesHint.z
      value: 0
      objectReference: {fileID: 0}
    - target: {fileID: 2471697562375586863, guid: 05b5ff1e08cb545afb7ad642eee02b05,
        type: 3}
      propertyPath: m_LocalScale.x
      value: 0.1
      objectReference: {fileID: 0}
    - target: {fileID: 2471697562375586863, guid: 05b5ff1e08cb545afb7ad642eee02b05,
        type: 3}
      propertyPath: m_LocalScale.y
      value: 0.1
      objectReference: {fileID: 0}
    m_RemovedComponents: []
  m_SourcePrefab: {fileID: 100100000, guid: 05b5ff1e08cb545afb7ad642eee02b05, type: 3}
--- !u!4 &4808200086774288375 stripped
Transform:
  m_CorrespondingSourceObject: {fileID: 2471697562375586863, guid: 05b5ff1e08cb545afb7ad642eee02b05,
    type: 3}
  m_PrefabInstance: {fileID: 6987074612760120280}
  m_PrefabAsset: {fileID: 0}
--- !u!1001 &7983141859562389107
PrefabInstance:
  m_ObjectHideFlags: 0
  serializedVersion: 2
  m_Modification:
    m_TransformParent: {fileID: 2203968215326606378}
    m_Modifications:
    - target: {fileID: 2471697562375586861, guid: 05b5ff1e08cb545afb7ad642eee02b05,
        type: 3}
      propertyPath: m_Name
      value: Coin (6)
      objectReference: {fileID: 0}
    - target: {fileID: 2471697562375586863, guid: 05b5ff1e08cb545afb7ad642eee02b05,
        type: 3}
      propertyPath: m_LocalPosition.x
      value: -0.656
      objectReference: {fileID: 0}
    - target: {fileID: 2471697562375586863, guid: 05b5ff1e08cb545afb7ad642eee02b05,
        type: 3}
      propertyPath: m_LocalPosition.y
      value: -1.18
      objectReference: {fileID: 0}
    - target: {fileID: 2471697562375586863, guid: 05b5ff1e08cb545afb7ad642eee02b05,
        type: 3}
      propertyPath: m_LocalPosition.z
      value: 0
      objectReference: {fileID: 0}
    - target: {fileID: 2471697562375586863, guid: 05b5ff1e08cb545afb7ad642eee02b05,
        type: 3}
      propertyPath: m_LocalRotation.x
      value: -0
      objectReference: {fileID: 0}
    - target: {fileID: 2471697562375586863, guid: 05b5ff1e08cb545afb7ad642eee02b05,
        type: 3}
      propertyPath: m_LocalRotation.y
      value: -0
      objectReference: {fileID: 0}
    - target: {fileID: 2471697562375586863, guid: 05b5ff1e08cb545afb7ad642eee02b05,
        type: 3}
      propertyPath: m_LocalRotation.z
      value: -0
      objectReference: {fileID: 0}
    - target: {fileID: 2471697562375586863, guid: 05b5ff1e08cb545afb7ad642eee02b05,
        type: 3}
      propertyPath: m_LocalRotation.w
      value: 1
      objectReference: {fileID: 0}
    - target: {fileID: 2471697562375586863, guid: 05b5ff1e08cb545afb7ad642eee02b05,
        type: 3}
      propertyPath: m_RootOrder
      value: 6
      objectReference: {fileID: 0}
    - target: {fileID: 2471697562375586863, guid: 05b5ff1e08cb545afb7ad642eee02b05,
        type: 3}
      propertyPath: m_LocalEulerAnglesHint.x
      value: 0
      objectReference: {fileID: 0}
    - target: {fileID: 2471697562375586863, guid: 05b5ff1e08cb545afb7ad642eee02b05,
        type: 3}
      propertyPath: m_LocalEulerAnglesHint.y
      value: 0
      objectReference: {fileID: 0}
    - target: {fileID: 2471697562375586863, guid: 05b5ff1e08cb545afb7ad642eee02b05,
        type: 3}
      propertyPath: m_LocalEulerAnglesHint.z
      value: 0
      objectReference: {fileID: 0}
    - target: {fileID: 2471697562375586863, guid: 05b5ff1e08cb545afb7ad642eee02b05,
        type: 3}
      propertyPath: m_LocalScale.x
      value: 0.1
      objectReference: {fileID: 0}
    - target: {fileID: 2471697562375586863, guid: 05b5ff1e08cb545afb7ad642eee02b05,
        type: 3}
      propertyPath: m_LocalScale.y
      value: 0.1
      objectReference: {fileID: 0}
    m_RemovedComponents: []
  m_SourcePrefab: {fileID: 100100000, guid: 05b5ff1e08cb545afb7ad642eee02b05, type: 3}
--- !u!4 &5513790159639607900 stripped
Transform:
  m_CorrespondingSourceObject: {fileID: 2471697562375586863, guid: 05b5ff1e08cb545afb7ad642eee02b05,
    type: 3}
  m_PrefabInstance: {fileID: 7983141859562389107}
  m_PrefabAsset: {fileID: 0}
--- !u!1001 &8838990576662352154
PrefabInstance:
  m_ObjectHideFlags: 0
  serializedVersion: 2
  m_Modification:
    m_TransformParent: {fileID: 2203968215326606378}
    m_Modifications:
    - target: {fileID: 2471697562375586861, guid: 05b5ff1e08cb545afb7ad642eee02b05,
        type: 3}
      propertyPath: m_Name
      value: Coin (5)
      objectReference: {fileID: 0}
    - target: {fileID: 2471697562375586863, guid: 05b5ff1e08cb545afb7ad642eee02b05,
        type: 3}
      propertyPath: m_LocalPosition.x
      value: 1.344
      objectReference: {fileID: 0}
    - target: {fileID: 2471697562375586863, guid: 05b5ff1e08cb545afb7ad642eee02b05,
        type: 3}
      propertyPath: m_LocalPosition.y
      value: -0.6
      objectReference: {fileID: 0}
    - target: {fileID: 2471697562375586863, guid: 05b5ff1e08cb545afb7ad642eee02b05,
        type: 3}
      propertyPath: m_LocalPosition.z
      value: 0
      objectReference: {fileID: 0}
    - target: {fileID: 2471697562375586863, guid: 05b5ff1e08cb545afb7ad642eee02b05,
        type: 3}
      propertyPath: m_LocalRotation.x
      value: -0
      objectReference: {fileID: 0}
    - target: {fileID: 2471697562375586863, guid: 05b5ff1e08cb545afb7ad642eee02b05,
        type: 3}
      propertyPath: m_LocalRotation.y
      value: -0
      objectReference: {fileID: 0}
    - target: {fileID: 2471697562375586863, guid: 05b5ff1e08cb545afb7ad642eee02b05,
        type: 3}
      propertyPath: m_LocalRotation.z
      value: -0
      objectReference: {fileID: 0}
    - target: {fileID: 2471697562375586863, guid: 05b5ff1e08cb545afb7ad642eee02b05,
        type: 3}
      propertyPath: m_LocalRotation.w
      value: 1
      objectReference: {fileID: 0}
    - target: {fileID: 2471697562375586863, guid: 05b5ff1e08cb545afb7ad642eee02b05,
        type: 3}
      propertyPath: m_RootOrder
      value: 5
      objectReference: {fileID: 0}
    - target: {fileID: 2471697562375586863, guid: 05b5ff1e08cb545afb7ad642eee02b05,
        type: 3}
      propertyPath: m_LocalEulerAnglesHint.x
      value: 0
      objectReference: {fileID: 0}
    - target: {fileID: 2471697562375586863, guid: 05b5ff1e08cb545afb7ad642eee02b05,
        type: 3}
      propertyPath: m_LocalEulerAnglesHint.y
      value: 0
      objectReference: {fileID: 0}
    - target: {fileID: 2471697562375586863, guid: 05b5ff1e08cb545afb7ad642eee02b05,
        type: 3}
      propertyPath: m_LocalEulerAnglesHint.z
      value: 0
      objectReference: {fileID: 0}
    - target: {fileID: 2471697562375586863, guid: 05b5ff1e08cb545afb7ad642eee02b05,
        type: 3}
      propertyPath: m_LocalScale.x
      value: 0.1
      objectReference: {fileID: 0}
    - target: {fileID: 2471697562375586863, guid: 05b5ff1e08cb545afb7ad642eee02b05,
        type: 3}
      propertyPath: m_LocalScale.y
      value: 0.1
      objectReference: {fileID: 0}
    m_RemovedComponents: []
  m_SourcePrefab: {fileID: 100100000, guid: 05b5ff1e08cb545afb7ad642eee02b05, type: 3}
--- !u!4 &6406191040887559477 stripped
Transform:
  m_CorrespondingSourceObject: {fileID: 2471697562375586863, guid: 05b5ff1e08cb545afb7ad642eee02b05,
    type: 3}
  m_PrefabInstance: {fileID: 8838990576662352154}
  m_PrefabAsset: {fileID: 0}
--- !u!1001 &8915755689927236517
PrefabInstance:
  m_ObjectHideFlags: 0
  serializedVersion: 2
  m_Modification:
    m_TransformParent: {fileID: 2203968215326606378}
    m_Modifications:
    - target: {fileID: 2471697562375586861, guid: 05b5ff1e08cb545afb7ad642eee02b05,
        type: 3}
      propertyPath: m_Name
      value: Coin (3)
      objectReference: {fileID: 0}
    - target: {fileID: 2471697562375586863, guid: 05b5ff1e08cb545afb7ad642eee02b05,
        type: 3}
      propertyPath: m_LocalPosition.x
      value: 1.216
      objectReference: {fileID: 0}
    - target: {fileID: 2471697562375586863, guid: 05b5ff1e08cb545afb7ad642eee02b05,
        type: 3}
      propertyPath: m_LocalPosition.y
      value: 0.52
      objectReference: {fileID: 0}
    - target: {fileID: 2471697562375586863, guid: 05b5ff1e08cb545afb7ad642eee02b05,
        type: 3}
      propertyPath: m_LocalPosition.z
      value: 0
      objectReference: {fileID: 0}
    - target: {fileID: 2471697562375586863, guid: 05b5ff1e08cb545afb7ad642eee02b05,
        type: 3}
      propertyPath: m_LocalRotation.x
      value: -0
      objectReference: {fileID: 0}
    - target: {fileID: 2471697562375586863, guid: 05b5ff1e08cb545afb7ad642eee02b05,
        type: 3}
      propertyPath: m_LocalRotation.y
      value: -0
      objectReference: {fileID: 0}
    - target: {fileID: 2471697562375586863, guid: 05b5ff1e08cb545afb7ad642eee02b05,
        type: 3}
      propertyPath: m_LocalRotation.z
      value: -0
      objectReference: {fileID: 0}
    - target: {fileID: 2471697562375586863, guid: 05b5ff1e08cb545afb7ad642eee02b05,
        type: 3}
      propertyPath: m_LocalRotation.w
      value: 1
      objectReference: {fileID: 0}
    - target: {fileID: 2471697562375586863, guid: 05b5ff1e08cb545afb7ad642eee02b05,
        type: 3}
      propertyPath: m_RootOrder
      value: 3
      objectReference: {fileID: 0}
    - target: {fileID: 2471697562375586863, guid: 05b5ff1e08cb545afb7ad642eee02b05,
        type: 3}
      propertyPath: m_LocalEulerAnglesHint.x
      value: 0
      objectReference: {fileID: 0}
    - target: {fileID: 2471697562375586863, guid: 05b5ff1e08cb545afb7ad642eee02b05,
        type: 3}
      propertyPath: m_LocalEulerAnglesHint.y
      value: 0
      objectReference: {fileID: 0}
    - target: {fileID: 2471697562375586863, guid: 05b5ff1e08cb545afb7ad642eee02b05,
        type: 3}
      propertyPath: m_LocalEulerAnglesHint.z
      value: 0
      objectReference: {fileID: 0}
    - target: {fileID: 2471697562375586863, guid: 05b5ff1e08cb545afb7ad642eee02b05,
        type: 3}
      propertyPath: m_LocalScale.x
      value: 0.1
      objectReference: {fileID: 0}
    - target: {fileID: 2471697562375586863, guid: 05b5ff1e08cb545afb7ad642eee02b05,
        type: 3}
      propertyPath: m_LocalScale.y
      value: 0.1
      objectReference: {fileID: 0}
    m_RemovedComponents: []
  m_SourcePrefab: {fileID: 100100000, guid: 05b5ff1e08cb545afb7ad642eee02b05, type: 3}
--- !u!4 &6482398785663098762 stripped
Transform:
  m_CorrespondingSourceObject: {fileID: 2471697562375586863, guid: 05b5ff1e08cb545afb7ad642eee02b05,
    type: 3}
  m_PrefabInstance: {fileID: 8915755689927236517}
  m_PrefabAsset: {fileID: 0}
